<?xml version="1.0" encoding="UTF-8"?>
<!DOCTYPE html PUBLIC "-//W3C//DTD XHTML 1.0 Transitional//EN"
    "http://www.w3.org/TR/xhtml1/DTD/xhtml1-transitional.dtd">
<html xmlns="http://www.w3.org/1999/xhtml" xml:lang="en" lang="en">
 <head>
  <title>
</title>
<meta http-equiv="Content-Type" content="text/html;charset=utf-8" />
  <meta name='ocr-system' content='tesseract 3.04.00' />
  <meta name='ocr-capabilities' content='ocr_page ocr_carea ocr_par ocr_line ocrx_word'/>
</head>
<body>
  <div class='ocr_page' id='page_1' title='image "./dearthritidepri00musggoog_0193.png"; bbox 0 0 2550 4336; ppageno 0'>
   <div class='ocr_carea' id='block_1_1' title="bbox 216 299 428 399">
    <p class='ocr_par' dir='ltr' id='par_1_1' title="bbox 216 299 428 399">
     <span class='ocr_line' id='line_1_1' title="bbox 216 299 428 399; baseline 0.038 -27"><span class='ocrx_word' id='word_1_1' title='bbox 216 299 316 399; x_wconf 84' lang='lat'>¹70</span> <span class='ocrx_word' id='word_1_2' title='bbox 425 352 428 359; x_wconf 75' lang='lat'><em>·</em></span> 
     </span>
    </p>
   </div>
   <div class='ocr_carea' id='block_1_2' title="bbox 673 268 902 400">
    <p class='ocr_par' dir='ltr' id='par_1_2' title="bbox 673 268 902 400">
     <span class='ocr_line' id='line_1_2' title="bbox 673 268 902 400; baseline 0.009 -24"><span class='ocrx_word' id='word_1_3' title='bbox 673 268 902 400; x_wconf 80' lang='lat' dir='ltr'>Historia.</span> 
     </span>
    </p>
   </div>
   <div class='ocr_carea' id='block_1_3' title="bbox 352 431 1235 1214">
    <p class='ocr_par' dir='ltr' id='par_1_3' title="bbox 352 431 1235 1214">
     <span class='ocr_line' id='line_1_3' title="bbox 353 431 1231 533; baseline -0.008 -11"><span class='ocrx_word' id='word_1_4' title='bbox 353 449 485 533; x_wconf 79' lang='lat' dir='ltr'>acuto,</span> <span class='ocrx_word' id='word_1_5' title='bbox 511 450 556 518; x_wconf 78' lang='lat' dir='ltr'>tlt</span> <span class='ocrx_word' id='word_1_6' title='bbox 579 431 619 516; x_wconf 87' lang='lat' dir='ltr'>se</span> <span class='ocrx_word' id='word_1_7' title='bbox 661 432 748 516; x_wconf 84' lang='lat' dir='ltr'>lane</span> <span class='ocrx_word' id='word_1_8' title='bbox 772 432 1004 517; x_wconf 75' lang='lat' dir='ltr'>Arebriticum</span> <span class='ocrx_word' id='word_1_9' title='bbox 1020 432 1099 515; x_wconf 74' lang='lat' dir='ltr'>ell&#39;e</span> <span class='ocrx_word' id='word_1_10' title='bbox 1120 434 1231 515; x_wconf 89' lang='lat' dir='ltr'>confi·</span> 
     </span>
     <span class='ocr_line' id='line_1_4' title="bbox 354 459 1235 655; baseline -0.003 -26"><span class='ocrx_word' id='word_1_11' title='bbox 354 564 515 630; x_wconf 83' lang='lat' dir='ltr'>teretur.</span> <span class='ocrx_word' id='word_1_12' title='bbox 568 459 723 629; x_wconf 81' lang='lat' dir='ltr'>Dolore</span> <span class='ocrx_word' id='word_1_13' title='bbox 738 540 971 626; x_wconf 86' lang='lat' dir='ltr'>intolerabili</span> <span class='ocrx_word' id='word_1_14' title='bbox 985 539 1235 655; x_wconf 84' lang='lat' dir='ltr'>defatigatus,</span> 
     </span>
     <span class='ocr_line' id='line_1_5' title="bbox 352 650 1235 767; baseline 0.002 -30"><span class='ocrx_word' id='word_1_15' title='bbox 352 654 623 767; x_wconf 87' lang='lat' dir='ltr'>cumprimum</span> <span class='ocrx_word' id='word_1_16' title='bbox 637 680 699 735; x_wconf 91' lang='lat' dir='ltr'>me</span> <span class='ocrx_word' id='word_1_17' title='bbox 712 651 913 752; x_wconf 88' lang='lat' dir='ltr'>consuluit,</span> <span class='ocrx_word' id='word_1_18' title='bbox 925 650 1065 732; x_wconf 90' lang='lat' dir='ltr'>somno</span> <span class='ocrx_word' id='word_1_19' title='bbox 1079 654 1235 763; x_wconf 88' lang='lat' dir='ltr'>&amp;quie-</span> 
     </span>
     <span class='ocr_line' id='line_1_6' title="bbox 354 759 1234 872; baseline -0.001 -24"><span class='ocrx_word' id='word_1_20' title='bbox 354 783 397 848; x_wconf 89' lang='lat' dir='ltr'>te</span> <span class='ocrx_word' id='word_1_21' title='bbox 428 765 587 849; x_wconf 91' lang='lat' dir='ltr'>orbatus</span> <span class='ocrx_word' id='word_1_22' title='bbox 616 763 686 863; x_wconf 86' lang='lat' dir='ltr'>est,</span> <span class='ocrx_word' id='word_1_23' title='bbox 720 762 847 845; x_wconf 88' lang='lat' dir='ltr'>calore</span> <span class='ocrx_word' id='word_1_24' title='bbox 877 759 1094 871; x_wconf 89' lang='lat' dir='ltr'>sudoreque</span> <span class='ocrx_word' id='word_1_25' title='bbox 1126 763 1234 872; x_wconf 87' lang='lat' dir='ltr'>plane</span> 
     </span>
     <span class='ocr_line' id='line_1_7' title="bbox 354 869 1233 979; baseline -0.005 -19"><span class='ocrx_word' id='word_1_26' title='bbox 354 873 521 960; x_wconf 74' lang='lat' dir='ltr'>Hectico</span> <span class='ocrx_word' id='word_1_27' title='bbox 537 870 729 979; x_wconf 85' lang='lat' dir='ltr'>depreffus</span> <span class='ocrx_word' id='word_1_28' title='bbox 743 884 783 955; x_wconf 72' lang='grc' dir='ltr'>δι</span> <span class='ocrx_word' id='word_1_29' title='bbox 799 873 1007 954; x_wconf 85' lang='lat' dir='ltr'>emaciatus</span> <span class='ocrx_word' id='word_1_30' title='bbox 1021 869 1092 952; x_wconf 90' lang='lat' dir='ltr'>est.</span> <span class='ocrx_word' id='word_1_31' title='bbox 1131 876 1233 956; x_wconf 87' lang='lat' dir='ltr'>Pare·</span> 
     </span>
     <span class='ocr_line' id='line_1_8' title="bbox 353 980 1233 1095; baseline 0.001 -31"><span class='ocrx_word' id='word_1_32' title='bbox 353 985 529 1095; x_wconf 83' lang='lat' dir='ltr'>geticum</span> <span class='ocrx_word' id='word_1_33' title='bbox 546 982 649 1065; x_wconf 90' lang='lat' dir='ltr'>illico</span> <span class='ocrx_word' id='word_1_34' title='bbox 664 981 883 1091; x_wconf 86' lang='lat' dir='ltr'>propinavi,</span> <span class='ocrx_word' id='word_1_35' title='bbox 903 994 942 1065; x_wconf 71' lang='grc' dir='ltr'>ὃ(</span> <span class='ocrx_word' id='word_1_36' title='bbox 960 980 1145 1063; x_wconf 71' lang='lat' dir='ltr'>Decollum</span> <span class='ocrx_word' id='word_1_37' title='bbox 1160 989 1233 1070; x_wconf 83' lang='lat' dir='ltr'>Cor·</span> 
     </span>
     <span class='ocr_line' id='line_1_9' title="bbox 352 1090 1233 1214; baseline 0.001 -39"><span class='ocrx_word' id='word_1_38' title='bbox 352 1097 476 1175; x_wconf 72' lang='lat' dir='ltr'>rictum</span> <span class='ocrx_word' id='word_1_39' title='bbox 502 1090 551 1175; x_wconf 88' lang='lat' dir='ltr'>ad</span> <span class='ocrx_word' id='word_1_40' title='bbox 573 1092 769 1204; x_wconf 88' lang='lat' dir='ltr'>integrum</span> <span class='ocrx_word' id='word_1_41' title='bbox 794 1094 874 1203; x_wconf 84' lang='lat' dir='ltr'>ejus</span> <span class='ocrx_word' id='word_1_42' title='bbox 901 1092 1103 1214; x_wconf 85' lang='lat' dir='ltr'>congium,</span> <span class='ocrx_word' id='word_1_43' title='bbox 1130 1096 1233 1203; x_wconf 88' lang='lat' dir='ltr'>quin·</span> 
     </span>
    </p>
   </div>
   <div class='ocr_carea' id='block_1_4' title="bbox 344 1200 1233 3811">
    <p class='ocr_par' dir='ltr' id='par_1_4' title="bbox 353 1200 1232 1726">
     <span class='ocr_line' id='line_1_10' title="bbox 354 1200 1232 1314; baseline 0.005 -30"><span class='ocrx_word' id='word_1_44' title='bbox 354 1203 473 1285; x_wconf 87' lang='lat' dir='ltr'>etiam</span> <span class='ocrx_word' id='word_1_45' title='bbox 494 1202 544 1284; x_wconf 93' lang='lat' dir='ltr'>ad</span> <span class='ocrx_word' id='word_1_46' title='bbox 560 1200 800 1286; x_wconf 88' lang='lat' dir='ltr'>alterandum</span> <span class='ocrx_word' id='word_1_47' title='bbox 815 1205 1039 1314; x_wconf 83' lang='lat' dir='ltr'>sangumem</span> <span class='ocrx_word' id='word_1_48' title='bbox 1059 1205 1232 1287; x_wconf 70' lang='lat' dir='ltr'>Decoilum</span> 
     </span>
     <span class='ocr_line' id='line_1_11' title="bbox 354 1307 1232 1396; baseline -0.002 0"><span class='ocrx_word' id='word_1_49' title='bbox 354 1315 549 1396; x_wconf 79' lang='lat' dir='ltr'>limacum.</span> <span class='ocrx_word' id='word_1_50' title='bbox 590 1311 763 1395; x_wconf 85' lang='lat' dir='ltr'>Admota</span> <span class='ocrx_word' id='word_1_51' title='bbox 776 1308 848 1394; x_wconf 87' lang='lat' dir='ltr'>fuit</span> <span class='ocrx_word' id='word_1_52' title='bbox 863 1309 1105 1394; x_wconf 86' lang='lat' dir='ltr'>cucurbitula</span> <span class='ocrx_word' id='word_1_53' title='bbox 1121 1307 1232 1394; x_wconf 83' lang='lat' dir='ltr'>semo</span> 
     </span>
     <span class='ocr_line' id='line_1_12' title="bbox 353 1421 1231 1531; baseline 0.005 -29"><span class='ocrx_word' id='word_1_54' title='bbox 353 1423 386 1504; x_wconf 91' lang='lat' dir='ltr'>ri</span> <span class='ocrx_word' id='word_1_55' title='bbox 405 1444 569 1504; x_wconf 86' lang='lat' dir='ltr'>externo</span> <span class='ocrx_word' id='word_1_56' title='bbox 580 1448 704 1531; x_wconf 90' lang='lat' dir='ltr'>prope</span> <span class='ocrx_word' id='word_1_57' title='bbox 717 1421 932 1523; x_wconf 87' lang='lat' dir='ltr'>articulum,</span> <span class='ocrx_word' id='word_1_58' title='bbox 961 1441 1123 1502; x_wconf 91' lang='lat' dir='ltr'>tumore</span> <span class='ocrx_word' id='word_1_59' title='bbox 1135 1421 1231 1505; x_wconf 68' lang='lat' dir='ltr'>fabio</span> 
     </span>
     <span class='ocr_line' id='line_1_13' title="bbox 353 1531 1231 1644; baseline 0.003 -32"><span class='ocrx_word' id='word_1_60' title='bbox 353 1532 546 1616; x_wconf 84' lang='lat' dir='ltr'>letnceum</span> <span class='ocrx_word' id='word_1_61' title='bbox 557 1552 734 1641; x_wconf 89' lang='lat' dir='ltr'>apertum</span> <span class='ocrx_word' id='word_1_62' title='bbox 746 1531 821 1613; x_wconf 89' lang='lat' dir='ltr'>est:</span> <span class='ocrx_word' id='word_1_63' title='bbox 848 1534 952 1644; x_wconf 79' lang='lat' dir='ltr'>cujus</span> <span class='ocrx_word' id='word_1_64' title='bbox 960 1557 1039 1638; x_wconf 89' lang='lat' dir='ltr'>ope</span> <span class='ocrx_word' id='word_1_65' title='bbox 1053 1533 1140 1612; x_wconf 90' lang='lat' dir='ltr'>Seri</span> <span class='ocrx_word' id='word_1_66' title='bbox 1155 1535 1231 1615; x_wconf 86' lang='lat' dir='ltr'>affa-</span> 
     </span>
     <span class='ocr_line' id='line_1_14' title="bbox 355 1641 635 1726; baseline 0.007 -2"><span class='ocrx_word' id='word_1_67' title='bbox 355 1642 426 1725; x_wconf 90' lang='lat' dir='ltr'>tim</span> <span class='ocrx_word' id='word_1_68' title='bbox 450 1641 635 1726; x_wconf 84' lang='lat' dir='ltr'>emiffum.</span> 
     </span>
    </p>

    <p class='ocr_par' dir='ltr' id='par_1_5' title="bbox 344 1745 1233 3732">
     <span class='ocr_line' id='line_1_15' title="bbox 410 1745 1231 1858; baseline -0.005 -23"><span class='ocrx_word' id='word_1_69' title='bbox 410 1757 529 1835; x_wconf 91' lang='lat' dir='ltr'>SUB</span> <span class='ocrx_word' id='word_1_70' title='bbox 545 1751 621 1834; x_wconf 93' lang='lat' dir='ltr'>hoc</span> <span class='ocrx_word' id='word_1_71' title='bbox 632 1773 784 1858; x_wconf 91' lang='lat' dir='ltr'>tempus</span> <span class='ocrx_word' id='word_1_72' title='bbox 798 1745 903 1831; x_wconf 69' lang='lat' dir='ltr'>fabio</span> <span class='ocrx_word' id='word_1_73' title='bbox 916 1751 953 1830; x_wconf 91' lang='lat' dir='ltr'>in</span> <span class='ocrx_word' id='word_1_74' title='bbox 966 1746 1231 1834; x_wconf 86' lang='lat' dir='ltr'>femurhumo·</span> 
     </span>
     <span class='ocr_line' id='line_1_16' title="bbox 357 1859 1230 1967; baseline -0.006 -23"><span class='ocrx_word' id='word_1_75' title='bbox 357 1861 793 1967; x_wconf 84' lang='lat' dir='ltr'>rumcataclysmo,vaste</span> <span class='ocrx_word' id='word_1_76' title='bbox 804 1859 896 1942; x_wconf 90' lang='lat' dir='ltr'>illud</span> <span class='ocrx_word' id='word_1_77' title='bbox 905 1859 1161 1946; x_wconf 60' lang='lat' dir='ltr'>tumefactum</span> <span class='ocrx_word' id='word_1_78' title='bbox 1173 1866 1230 1943; x_wconf 83' lang='lat' dir='ltr'>est.</span> 
     </span>
     <span class='ocr_line' id='line_1_17' title="bbox 354 1966 1229 2081; baseline -0.002 -29"><span class='ocrx_word' id='word_1_79' title='bbox 354 1973 510 2052; x_wconf 90' lang='lat' dir='ltr'>Tumor</span> <span class='ocrx_word' id='word_1_80' title='bbox 525 1993 611 2053; x_wconf 90' lang='lat' dir='ltr'>erat</span> <span class='ocrx_word' id='word_1_81' title='bbox 625 1971 747 2072; x_wconf 85' lang='lat' dir='ltr'>albus,</span> <span class='ocrx_word' id='word_1_82' title='bbox 764 1966 938 2081; x_wconf 78' lang='lat' dir='ltr'>frigidus,</span> <span class='ocrx_word' id='word_1_83' title='bbox 950 1970 1229 2064; x_wconf 70' lang='lat' dir='ltr'>oedematnlrc:</span> 
     </span>
     <span class='ocr_line' id='line_1_18' title="bbox 354 2080 1230 2188; baseline -0.002 -26"><span class='ocrx_word' id='word_1_84' title='bbox 354 2081 622 2162; x_wconf 88' lang='lat' dir='ltr'>Maturatione</span> <span class='ocrx_word' id='word_1_85' title='bbox 647 2097 895 2161; x_wconf 84' lang='lat' dir='ltr'>externorum</span> <span class='ocrx_word' id='word_1_86' title='bbox 915 2108 992 2188; x_wconf 91' lang='lat' dir='ltr'>ope</span> <span class='ocrx_word' id='word_1_87' title='bbox 1022 2080 1230 2188; x_wconf 83' lang='lat' dir='ltr'>desperata,</span> 
     </span>
     <span class='ocr_line' id='line_1_19' title="bbox 356 2184 1230 2304; baseline -0.001 -33"><span class='ocrx_word' id='word_1_88' title='bbox 356 2189 569 2291; x_wconf 87' lang='lat' dir='ltr'>Chalybcm</span> <span class='ocrx_word' id='word_1_89' title='bbox 595 2184 774 2282; x_wconf 84' lang='lat' dir='ltr'>adhibui;</span> <span class='ocrx_word' id='word_1_90' title='bbox 804 2191 893 2274; x_wconf 67' lang='lat' dir='ltr'>Sala</span> <span class='ocrx_word' id='word_1_91' title='bbox 911 2219 983 2300; x_wconf 67' lang='lat' dir='ltr'>ejus</span> <span class='ocrx_word' id='word_1_92' title='bbox 1002 2221 1058 2300; x_wconf 83' lang='lat' dir='ltr'>gr.</span> <span class='ocrx_word' id='word_1_93' title='bbox 1073 2191 1148 2304; x_wconf 76' lang='lat' dir='ltr'><em>iiij,</em></span> <span class='ocrx_word' id='word_1_94' title='bbox 1166 2221 1230 2273; x_wconf 84' lang='lat' dir='ltr'>curn</span> 
     </span>
     <span class='ocr_line' id='line_1_20' title="bbox 355 2301 1230 2412; baseline -0.002 -30"><span class='ocrx_word' id='word_1_95' title='bbox 355 2303 443 2384; x_wconf 80' lang='lat' dir='ltr'>Cart.</span> <span class='ocrx_word' id='word_1_96' title='bbox 466 2302 615 2412; x_wconf 78' lang='lat' dir='ltr'>levigat.</span> <span class='ocrx_word' id='word_1_97' title='bbox 627 2330 681 2411; x_wconf 81' lang='lat' dir='ltr'>gr.</span> <span class='ocrx_word' id='word_1_98' title='bbox 695 2301 776 2402; x_wconf 84' lang='lat' dir='ltr'>XV,</span> <span class='ocrx_word' id='word_1_99' title='bbox 792 2304 868 2410; x_wconf 80' lang='lat' dir='ltr'>Syr.</span> <span class='ocrx_word' id='word_1_100' title='bbox 887 2301 1060 2411; x_wconf 81' lang='lat' dir='ltr'>Garyopb.</span> <span class='ocrx_word' id='word_1_101' title='bbox 1080 2334 1117 2412; x_wconf 83' lang='lat' dir='ltr'>q.</span> <span class='ocrx_word' id='word_1_102' title='bbox 1137 2335 1164 2383; x_wconf 88' lang='lat' dir='ltr'>s.</span> <span class='ocrx_word' id='word_1_103' title='bbox 1185 2322 1230 2381; x_wconf 81' lang='lat' dir='ltr'>ter</span> 
     </span>
     <span class='ocr_line' id='line_1_21' title="bbox 356 2409 1229 2521; baseline 0.003 -30"><span class='ocrx_word' id='word_1_104' title='bbox 356 2411 394 2491; x_wconf 84' lang='lat' dir='ltr'>in</span> <span class='ocrx_word' id='word_1_105' title='bbox 420 2412 478 2492; x_wconf 86' lang='lat' dir='ltr'>die</span> <span class='ocrx_word' id='word_1_106' title='bbox 487 2412 630 2521; x_wconf 73' lang='lat' dir='ltr'>srtmpfit</span> <span class='ocrx_word' id='word_1_107' title='bbox 658 2440 702 2490; x_wconf 79' lang='lat' dir='ltr'>ea</span> <span class='ocrx_word' id='word_1_108' title='bbox 734 2411 871 2492; x_wconf 68' lang='lat' dir='ltr'>[recolli</span> <span class='ocrx_word' id='word_1_109' title='bbox 895 2413 1080 2491; x_wconf 78' lang='lat' dir='ltr'>Limaeam</span> <span class='ocrx_word' id='word_1_110' title='bbox 1108 2409 1229 2519; x_wconf 79' lang='lat' dir='ltr'>haustu.</span> 
     </span>
     <span class='ocr_line' id='line_1_22' title="bbox 356 2518 1229 2629; baseline -0.007 -26"><span class='ocrx_word' id='word_1_111' title='bbox 356 2522 468 2603; x_wconf 87' lang='lat' dir='ltr'>Brevi</span> <span class='ocrx_word' id='word_1_112' title='bbox 479 2523 605 2629; x_wconf 89' lang='lat' dir='ltr'>spatio</span> <span class='ocrx_word' id='word_1_113' title='bbox 619 2521 725 2601; x_wconf 87' lang='lat' dir='ltr'>calor</span> <span class='ocrx_word' id='word_1_114' title='bbox 739 2518 883 2600; x_wconf 80' lang='lat' dir='ltr'>remisit</span> <span class='ocrx_word' id='word_1_115' title='bbox 896 2531 934 2602; x_wconf 90' lang='lat'>&amp;</span> <span class='ocrx_word' id='word_1_116' title='bbox 951 2519 1138 2625; x_wconf 84' lang='lat' dir='ltr'>paulatim</span> <span class='ocrx_word' id='word_1_117' title='bbox 1154 2548 1229 2600; x_wconf 89' lang='lat' dir='ltr'>eva·</span> 
     </span>
     <span class='ocr_line' id='line_1_23' title="bbox 355 2627 1230 2740; baseline -0.002 -30"><span class='ocrx_word' id='word_1_118' title='bbox 355 2634 452 2714; x_wconf 92' lang='lat' dir='ltr'>nuit.</span> <span class='ocrx_word' id='word_1_119' title='bbox 504 2631 665 2740; x_wconf 85' lang='lat' dir='ltr'>Sanguis</span> <span class='ocrx_word' id='word_1_120' title='bbox 685 2629 757 2710; x_wconf 85' lang='lat' dir='ltr'>hac</span> <span class='ocrx_word' id='word_1_121' title='bbox 781 2650 864 2709; x_wconf 89' lang='lat' dir='ltr'>arte</span> <span class='ocrx_word' id='word_1_122' title='bbox 883 2627 1091 2707; x_wconf 86' lang='lat' dir='ltr'>roboratus</span> <span class='ocrx_word' id='word_1_123' title='bbox 1113 2652 1230 2710; x_wconf 88' lang='lat' dir='ltr'>tumo-</span> 
     </span>
     <span class='ocr_line' id='line_1_24' title="bbox 355 2737 1229 2848; baseline -0.002 -30"><span class='ocrx_word' id='word_1_124' title='bbox 355 2767 436 2821; x_wconf 87' lang='lat' dir='ltr'>rem</span> <span class='ocrx_word' id='word_1_125' title='bbox 460 2741 680 2842; x_wconf 88' lang='lat' dir='ltr'>maturavit,</span> <span class='ocrx_word' id='word_1_126' title='bbox 707 2738 772 2848; x_wconf 88' lang='lat' dir='ltr'>qui</span> <span class='ocrx_word' id='word_1_127' title='bbox 793 2737 934 2818; x_wconf 88' lang='lat' dir='ltr'>deinde</span> <span class='ocrx_word' id='word_1_128' title='bbox 955 2739 1115 2820; x_wconf 91' lang='lat' dir='ltr'>cultello</span> <span class='ocrx_word' id='word_1_129' title='bbox 1134 2766 1229 2847; x_wconf 85' lang='lat' dir='ltr'>aper·</span> 
     </span>
     <span class='ocr_line' id='line_1_25' title="bbox 356 2848 1229 2961; baseline 0.003 -34"><span class='ocrx_word' id='word_1_130' title='bbox 356 2869 417 2929; x_wconf 91' lang='lat' dir='ltr'>tus</span> <span class='ocrx_word' id='word_1_131' title='bbox 447 2854 550 2955; x_wconf 87' lang='lat' dir='ltr'>puris</span> <span class='ocrx_word' id='word_1_132' title='bbox 572 2850 649 2930; x_wconf 90' lang='lat' dir='ltr'>albi</span> <span class='ocrx_word' id='word_1_133' title='bbox 676 2848 756 2961; x_wconf 87' lang='lat' dir='ltr'>lbiij</span> <span class='ocrx_word' id='word_1_134' title='bbox 781 2849 973 2956; x_wconf 90' lang='lat' dir='ltr'>pervices</span> <span class='ocrx_word' id='word_1_135' title='bbox 1001 2849 1144 2950; x_wconf 75' lang='lat' dir='ltr'>emisit,</span> <span class='ocrx_word' id='word_1_136' title='bbox 1171 2848 1229 2931; x_wconf 84' lang='lat' dir='ltr'>sed</span> 
     </span>
     <span class='ocr_line' id='line_1_26' title="bbox 354 2955 1230 3066; baseline 0.003 -29"><span class='ocrx_word' id='word_1_137' title='bbox 354 2956 651 3059; x_wconf 88' lang='lat' dir='ltr'>rubicundioris,</span> <span class='ocrx_word' id='word_1_138' title='bbox 677 2958 745 3066; x_wconf 89' lang='lat' dir='ltr'>qui</span> <span class='ocrx_word' id='word_1_139' title='bbox 773 2958 877 3040; x_wconf 91' lang='lat' dir='ltr'>inter</span> <span class='ocrx_word' id='word_1_140' title='bbox 901 2955 1092 3038; x_wconf 89' lang='lat' dir='ltr'>musculos</span> <span class='ocrx_word' id='word_1_141' title='bbox 1116 2955 1230 3040; x_wconf 84' lang='lat' dir='ltr'>semo</span> 
     </span>
     <span class='ocr_line' id='line_1_27' title="bbox 351 3064 1233 3184; baseline -0.002 -33"><span class='ocrx_word' id='word_1_142' title='bbox 351 3067 406 3160; x_wconf 84' lang='lat' dir='ltr'>ris</span> <span class='ocrx_word' id='word_1_143' title='bbox 424 3064 712 3151; x_wconf 88' lang='lat' dir='ltr'>includebatur:</span> <span class='ocrx_word' id='word_1_144' title='bbox 741 3067 1038 3170; x_wconf 86' lang='lat' dir='ltr'>maturantibus,</span> <span class='ocrx_word' id='word_1_145' title='bbox 1059 3068 1233 3184; x_wconf 87' lang='lat' dir='ltr'>digeren-</span> 
     </span>
     <span class='ocr_line' id='line_1_28' title="bbox 344 3175 1230 3285; baseline 0.002 -28"><span class='ocrx_word' id='word_1_146' title='bbox 344 3179 471 3285; x_wconf 87' lang='lat' dir='ltr'>tibus,</span> <span class='ocrx_word' id='word_1_147' title='bbox 479 3176 816 3263; x_wconf 86' lang='lat' dir='ltr'>mundificantibus</span> <span class='ocrx_word' id='word_1_148' title='bbox 828 3206 888 3262; x_wconf 87' lang='lat' dir='ltr'>res</span> <span class='ocrx_word' id='word_1_149' title='bbox 900 3175 1132 3259; x_wconf 86' lang='lat' dir='ltr'>absolvitur:</span> <span class='ocrx_word' id='word_1_150' title='bbox 1151 3205 1230 3260; x_wconf 91' lang='lat' dir='ltr'>cum</span> 
     </span>
     <span class='ocr_line' id='line_1_29' title="bbox 355 3287 1232 3399; baseline -0.003 -28"><span class='ocrx_word' id='word_1_151' title='bbox 355 3290 463 3399; x_wconf 90' lang='lat' dir='ltr'>quod</span> <span class='ocrx_word' id='word_1_152' title='bbox 474 3289 645 3374; x_wconf 83' lang='lat' dir='ltr'>emiffum</span> <span class='ocrx_word' id='word_1_153' title='bbox 662 3290 716 3371; x_wconf 91' lang='lat' dir='ltr'>est</span> <span class='ocrx_word' id='word_1_154' title='bbox 730 3289 843 3371; x_wconf 84' lang='lat' dir='ltr'>nimis</span> <span class='ocrx_word' id='word_1_155' title='bbox 859 3309 975 3370; x_wconf 90' lang='lat' dir='ltr'>tenue</span> <span class='ocrx_word' id='word_1_156' title='bbox 988 3287 1153 3392; x_wconf 86' lang='lat' dir='ltr'>effluxit,</span> <span class='ocrx_word' id='word_1_157' title='bbox 1169 3294 1232 3372; x_wconf 86' lang='lat' dir='ltr'>De·</span> 
     </span>
     <span class='ocr_line' id='line_1_30' title="bbox 350 3398 1233 3502; baseline -0.001 -23"><span class='ocrx_word' id='word_1_158' title='bbox 350 3399 432 3479; x_wconf 71' lang='lat' dir='ltr'>coll.</span> <span class='ocrx_word' id='word_1_159' title='bbox 451 3401 613 3502; x_wconf 77' lang='lat' dir='ltr'>Saffafroe</span> <span class='ocrx_word' id='word_1_160' title='bbox 631 3403 719 3482; x_wconf 91' lang='lat' dir='ltr'>loco</span> <span class='ocrx_word' id='word_1_161' title='bbox 736 3401 917 3480; x_wconf 69' lang='lat' dir='ltr'>limacum</span> <span class='ocrx_word' id='word_1_162' title='bbox 934 3398 1141 3502; x_wconf 80' lang='lat' dir='ltr'>(temperie</span> <span class='ocrx_word' id='word_1_163' title='bbox 1156 3399 1233 3478; x_wconf 88' lang='lat' dir='ltr'>san·</span> 
     </span>
     <span class='ocr_line' id='line_1_31' title="bbox 353 3507 1232 3618; baseline -0.002 -30"><span class='ocrx_word' id='word_1_164' title='bbox 353 3508 479 3618; x_wconf 87' lang='lat' dir='ltr'>guinis</span> <span class='ocrx_word' id='word_1_165' title='bbox 497 3509 535 3590; x_wconf 92' lang='lat' dir='ltr'>id</span> <span class='ocrx_word' id='word_1_166' title='bbox 562 3511 736 3612; x_wconf 85' lang='lat' dir='ltr'>ferente)</span> <span class='ocrx_word' id='word_1_167' title='bbox 763 3507 864 3590; x_wconf 87' lang='lat' dir='ltr'>dedi.</span> <span class='ocrx_word' id='word_1_168' title='bbox 923 3511 959 3589; x_wconf 90' lang='lat' dir='ltr'><strong>A</strong></span> <span class='ocrx_word' id='word_1_169' title='bbox 987 3507 1073 3587; x_wconf 85' lang='lat' dir='ltr'>Sale</span> <span class='ocrx_word' id='word_1_170' title='bbox 1100 3509 1232 3589; x_wconf 85' lang='lat' dir='ltr'>Martis</span> 
     </span>
     <span class='ocr_line' id='line_1_32' title="bbox 352 3617 1232 3732; baseline -0.007 -30"><span class='ocrx_word' id='word_1_171' title='bbox 352 3617 653 3732; x_wconf 23' lang='lat' dir='ltr'>uertitur-fames.</span> <span class='ocrx_word' id='word_1_172' title='bbox 702 3618 844 3708; x_wconf 88' lang='lat' dir='ltr'>Vinum</span> <span class='ocrx_word' id='word_1_173' title='bbox 866 3617 1022 3701; x_wconf 90' lang='lat' dir='ltr'>rubrum</span> <span class='ocrx_word' id='word_1_174' title='bbox 1041 3619 1232 3700; x_wconf 88' lang='lat' dir='ltr'>Gallicum</span> 
     </span>
    </p>

    <p class='ocr_par' dir='ltr' id='par_1_6' title="bbox 1151 3753 1233 3811">
     <span class='ocr_line' id='line_1_33' title="bbox 1151 3753 1233 3811; baseline -0.037 0"><span class='ocrx_word' id='word_1_175' title='bbox 1151 3753 1233 3811; x_wconf 92' lang='lat' dir='ltr'>cum</span> 
     </span>
    </p>
   </div>
   <div class='ocr_carea' id='block_1_5' title="bbox 0 0 1280 4336">
    <p class='ocr_par' dir='ltr' id='par_1_7' title="bbox 0 0 1280 4336">
     <span class='ocr_line' id='line_1_34' title="bbox 0 0 1280 4336; baseline 0 0"><span class='ocrx_word' id='word_1_176' title='bbox 0 0 1280 4336; x_wconf 95' lang='lat' dir='ltr'> </span> 
     </span>
    </p>
   </div>
  </div>
 </body>
</html>
