2550 4336
211 365 309 442 100
532 335 732 442 Curatio
754 331 1050 472 Paroxysml.

748 611 841 714 III.

185 862 221 915 n·
236 859 316 914 m
407 824 495 906 AD
527 823 733 937 Paroeysmi
768 824 1020 907 lucrementum
1055 825 1231 931 transeo,

183 931 261 1011 νβ’
275 940 321 990 ¹*
350 931 458 1042 quod
475 939 532 1041 (ut
546 932 639 1041 dixi)
653 957 740 1016 cum
756 935 879 1017 Dolore
895 931 1045 1040 incipit,
1072 936 1232 1019 Tme-

184 1024 303 1068 m.
347 1072 414 1153 que
428 1041 478 1124 ad
494 1040 598 1124 suam
616 1040 927 1153 magnitudinem
946 1043 1087 1124 evecto
1105 1046 1232 1129 termi-

347 1175 474 1234 natur.
529 1156 626 1262 Qo
648 1149 837 1258 temporis
861 1151 1002 1261 spatio,
1027 1174 1132 1258 cum,
1159 1157 1231 1238 ele·

349 1262 415 1344 &a
434 1263 516 1373 jam
537 1261 742 1375 Paroeysmi
765 1259 869 1363 sede,
895 1262 938 1343 in
960 1287 1047 1345 eam
1065 1263 1232 1349 alienum

340 1371 507 1453 mittere
519 1375 673 1455 Natura
686 1370 842 1452 summis
855 1370 999 1454 viribus
1014 1375 1231 1481 contendit,

345 1479 492 1580 huicut
510 1481 759 1590 opitulemur,
787 1479 828 1562 id
844 1481 1052 1590 agendum,
1081 1502 1129 1564 ut
1138 1484 1230 1570 illius

348 1589 665 1700 expulsionem&
680 1591 720 1672 in
735 1617 877 1672 novam
891 1589 1030 1673 Sedem
1041 1597 1231 1703 receptio

345 1727 442 1786 nem
463 1701 732 1804 acceleremus,
758 1696 989 1810 facilemque
1016 1699 1230 1790 reddamus.

345 1813 485 1922 Qare
503 1838 591 1918 pars
611 1810 787 1893 affeota'a
805 1810 967 1920 Frigore
987 1807 1231 1918 defendatur,

341 1919 425 2002 slve
445 1921 600 2024 Laneis,
617 1919 691 2001 stve
704 1921 980 2001 Cuniculorum
996 1921 1176 2028 pellibus,
1194 1926 1233 2007 fi-

339 2052 396 2111 ·ve
426 2030 667 2138 Cygnorum,
695 2050 762 2110 aut
787 2029 996 2112 istiusmodi
1023 2031 1123 2134 aliis,
1151 2063 1231 2144 quae

341 2137 517 2220 calorem
539 2136 722 2243 inserant,
749 2140 915 2221 alienum
934 2139 1023 2222 illuc
1049 2141 1231 2248 invitent,

346 2247 520 2357 itemque
536 2248 644 2330 tastu
663 2248 738 2329 smt
758 2249 984 2331 mollissima.
1024 2256 1157 2335 Fuere*
1170 2257 1232 2364 qui

345 2356 527 2442 involuto
540 2360 643 2465 parti
655 2358 804 2441 affedtae
820 2369 861 2442 δε
878 2358 1011 2441 dolere
1029 2360 1231 2471 incipienti

346 2469 523 2578 Oesypo,
550 2468 874 2575 Perspirationem
895 2496 1047 2573 auxere,
1076 2483 1118 2556 &
1141 2474 1231 2556 mul·

346 2599 433 2664 tum
456 2578 548 2662 inde
572 2576 786 2690 profecere.
842 2579 909 2661 Est
932 2580 1038 2662 enim
1060 2583 1229 2665 Mundus

345 2690 582 2792 antlriticue,
608 2718 691 2772 non
717 2692 841 2772 minus
870 2717 986 2798 quam
1016 2692 1229 2796 Muliebris

344 2807 390 2880 dc
408 2824 459 2880 eo
472 2801 580 2882 rene
594 2801 651 2880 uti
662 2802 794 2911 magni
812 2826 873 2880 res
891 2799 947 2880 est
964 2800 1227 2886 emolumenti.

219 2967 223 2981 .
339 2908 484 2992 vinus
502 2909 652 2989 interea
669 2911 756 2991 talis
776 2911 857 2990 esto
878 2908 1000 3017 qualis
1017 2909 1059 2991 in
1073 2917 1229 3025 Paroxy·

335 3018 412 3127 snei
431 3015 567 3120 Initio,
595 3017 722 3099 tenuis
739 3016 817 3102 scil.
844 3047 867 3100 a
892 3047 971 3128 quo
990 3023 1158 3132 Sanguis
1180 3020 1236 3103 es

344 3123 558 3211 fervescere
590 3154 639 3208 ne
668 3147 771 3214 ueat.
825 3129 906 3236 Qui
935 3129 1074 3213 Siti&
1105 3133 1227 3214 Febre

345 3238 496 3348 gravati
507 3264 577 3348 per
589 3155 705 3322 hosce
718 3238 799 3322 dies
814 3246 965 3348 Aquam
977 3235 1165 3350 frigidam
1175 3261 1228 3324 te·

345 3374 456 3430 mere
473 3347 694 3454 hauserunt,
721 3378 803 3432 non
819 3347 897 3428 sme
919 3375 1065 3460 magno
1085 3351 1155 3434 sno
1176 3352 1226 3433 in·

346 3456 575 3560 commod0,
588 3458 680 3540 vitae
692 3486 778 3541 cum
791 3458 964 3566 periculo
976 3458 1016 3541 id
1032 3456 1224 3544 fecerunt:

330 3587 394 3649 ‘ut
407 3565 589 3672 exemplis
606 3564 707 3650 infra
722 3566 957 3653 ostendetur.
999 3568 1135 3651 Alieni
1153 3598 1226 3654 mu

346 3705 418 3762 nus
446 3673 665 3786 expellendi
684 3697 823 3762 natura
844 3705 914 3789 per
939 3678 977 3760 se
1001 3681 1225 3874 plerumgue

1087 3817 1159 3878 viri
1186 3818 1225 3873 ua
