2550 4336
122 234 223 387 m

264 1725 309 1805 q.
323 1729 353 1780 s.
366 1695 445 1802 utf.
465 1695 546 1775 Pilu

588 213 820 341 Historia.

260 383 343 489 nio,
370 396 410 468 &
432 379 481 463 ad
506 378 732 465 societatem
753 379 873 480 facto,
904 376 996 481 post
1021 375 1140 459 adole-

261 493 450 579 scentiam
467 520 549 573 non
568 492 681 575 nimis
695 490 842 591 siccam,
868 486 1029 596 aliaque
1050 488 1142 571 istius

262 604 389 687 aetatis
405 622 545 702 errata,
571 599 771 684 Artbritr'de
794 597 968 709 graviter
991 598 1145 681 afflidus

263 713 332 798 est.
371 713 497 795 Semel
509 710 569 791 bis
588 713 628 792 in
643 737 748 791 anno
764 734 810 788 ea
831 704 949 790 redux
962 705 1017 788 ad
1031 736 1146 790 annos

264 823 315 907 ali
344 820 590 924 nammultos,
601 819 746 930 digitos
760 815 952 919 extendit,
970 818 1149 900 articulos

265 851 432 1032 inlinit,
453 927 649 1011 &famem
663 928 828 1009 omnino
843 926 1099 1037 languentem
1115 941 1150 1011 ὅ(

265 1043 407 1122 naulea
425 1037 653 1120 comitatam
670 1037 818 1119 habuit.
875 1039 1054 1119 Gravate
1072 1038 1151 1120 tulit

264 1164 332 1231 'tot
353 1146 532 1232 aerumnis
553 1159 593 1231 &
615 1149 840 1228 morborum
863 1146 1152 1253 impedimentis

270 1258 310 1340 se
334 1256 620 1340 adolescentem
634 1255 759 1337 adbuc
775 1255 918 1365 urgeri,
946 1267 990 1338 δι
1009 1279 1054 1338 ut
1073 1258 1150 1339 alle·

270 1389 426 1450 vacetur
440 1369 633 1449 Emeticum
642 1395 687 1447 ex
699 1369 792 1472 Rad.
807 1370 921 1446 Emer.
936 1367 1083 1449 Denda
1098 1366 1152 1448 ad

270 1476 395 1583 hibuit,
421 1473 562 1558 deinde
580 1482 738 1584 Purgans
753 1505 796 1556 ex
807 1475 878 1558 Pil.
890 1472 987 1585 Καὶ.
1000 1475 1065 1586 8ss,
1078 1479 1153 1586 Res.

268 1589 343 1701 Jal.
358 1595 392 1671 &
410 1589 531 1668 colom.
547 1587 730 1774 fuinquies
736 1582 813 1691 sub.
830 1589 870 1670 {a
889 1593 963 1692 θῇ,
980 1590 1078 1691 Bals
1083 1594 1153 1667 Per.

560 1723 615 1790 ae;
644 1720 734 1774 vere
751 1705 996 1777 &autumno
1013 1698 1153 1790 pilulas,

274 1811 342 1911 (&
372 1831 650 1913 nonnunquam
682 1797 895 1909 Emeritam)
915 1805 1091 1911 repetiit,
1112 1803 1155 1888 ad

275 1936 443 2022 quatuor
459 1914 574 2016 vices,
603 1924 642 1996 &
661 1938 783 1993 annos
802 1915 1035 2019 complures.
1090 1919 1157 1995 Ar-

274 2022 457 2104 thritidem
479 2022 553 2104 hac
577 2020 768 2103 methodo
785 2022 950 2132 subegit,
980 2051 1065 2104 non
1088 2025 1157 2104 evi-

275 2130 342 2210 cit.
398 2128 587 2213 Adversus
604 2130 730 2213 Allam
751 2133 943 2235 monitus,
970 2154 1017 2214 ut
1037 2135 1158 2241 potio

239 2341 241 2346 Ι
277 2239 338 2360 nin
353 2267 474 2351 genus
492 2238 592 2322 adeo
605 2241 770 2348 spiffum,
797 2242 1015 2325 &crudum
1034 2271 1085 2323 ne
1101 2241 1159 2323 ad-

277 2369 468 2452 mitteret,
497 2379 543 2432 ea
557 2352 711 2456 prorlus
728 2349 766 2430 se
784 2351 979 2453 abstinuit,
1009 2354 1160 2433 Cerevi·

278 2457 330 2544 fia
341 2460 501 2541 biennio
518 2460 673 2563 minori,
701 2457 767 2540 sed
784 2471 823 2542 ὅ(
840 2463 1032 2570 generosa
1048 2475 1088 2546 ὅ(
1102 2461 1161 2543 de·

279 2570 440 2672 soecata,
460 2590 679 2652 contentus.
727 2574 812 2650 Hac
827 2591 911 2651 arte
929 2573 1161 2680 Sanguinem

279 2678 335 2758 ita
351 2679 533 2782 correxit,
561 2694 606 2762 ut
619 2698 707 2758 toto
723 2678 813 2760 inde
828 2679 1000 2761 triennio
1014 2683 1099 2786 post
1116 2709 1160 2762 ne

280 2787 438 2895 quidem
462 2788 579 2883 semel
608 2787 746 2888 doluit,
773 2791 846 2880 nec
869 2789 999 2900 (quod
1021 2818 1072 2872 eo
1091 2819 1163 2874 am-

280 2896 399 3008 plius)
421 2900 654 3002 Paroxysmo
670 2898 804 2997 caruit.
906 2928 910 2949 ²
1066 2967 1071 2977 .

536 3090 769 3194 HIST.
817 3092 911 3191 ΙΙ.

287 3257 549 3385 Aquarum
564 3226 1167 3386 bathonienſsumnfirrad.

294 3401 298 3408 '
315 3390 477 3519 versato
484 3389 1167 3524 Arthritidaprophyladiicus.

341 3551 433 3676 Ql
444 3553 606 3633 ANTI
627 3577 719 3635 vero
741 3550 825 3636 usus
843 3565 883 3636 &
900 3582 1015 3663 quam
1038 3555 1168 3666 magni

678 3682 681 3688 ’
1088 3693 1169 3747 mo·
