2550 4336
122 298 222 391 112

394 274 588 382 caeratio
609 271 1002 415 Srmptomatum.

256 465 352 555 mm,
377 446 445 530 sed
464 445 598 535 Dolori
617 462 689 555 per
706 455 841 529 umne's
867 445 949 558 ejus
967 442 1142 526 acceffiu

255 586 341 670 nes,
366 576 581 667 expertem.
636 561 698 638 Ut
717 582 857 666 magna
874 583 924 637 ex
945 574 1061 662 parte
1083 579 1140 638 res

257 669 331 776 est,
356 671 464 754 Dolor
478 667 654 749 omnium
674 663 884 749 Artbritidu
897 670 1144 773 symptoma-

257 798 346 865 tum
365 787 406 861 ὅτ
424 772 747 886 frequentiffimus
771 786 812 858 &
831 775 957 857 multo
977 772 1144 885 graviffi-

260 917 348 972 mus
368 887 589 984 invenitur3
618 896 659 968 &
685 885 735 966 ab
757 911 809 966 eo
829 886 1022 993 praecipue
1043 912 1144 969 mor-

258 997 331 1080 bus
361 995 425 1079 hic
453 998 495 1078 in
525 994 684 1077 humani
713 996 868 1107 generis
895 993 1081 1104 pestibus,
1106 996 1144 1078 in

257 1107 370 1189 malis
387 1108 467 1218 ejus
482 1104 726 1188 acerbiffimis
743 1102 921 1187 habetur.
977 1108 1064 1188 Res
1079 1107 1146 1188 mi-

258 1242 305 1298 ra
328 1215 398 1323 est,
423 1233 446 1299 a
471 1235 555 1298 tam
580 1214 717 1324 exigua
745 1216 886 1297 veneni
911 1217 1145 1325 quantitate,

260 1344 395 1409 tantos
413 1338 553 1410 &tam
572 1351 678 1407 acres
699 1326 856 1407 excitari
879 1326 989 1434 polle
1003 1327 1145 1410 crucia·

258 1454 346 1519 tus:
387 1437 598 1544 Spirituum
621 1461 764 1542 nempe
787 1436 1025 1540 animalium,
1058 1461 1146 1549 qua⁴

259 1569 339 1655 qua
359 1545 416 1628 illi
437 1547 555 1658 longe
580 1546 736 1655 lateque
761 1544 1041 1649 diffundantur,
1069 1558 1146 1630 άπι-

259 1651 349 1762 ξίαγ,
375 1656 425 1741 ab
442 1656 558 1739 alieni
572 1682 623 1738 ue
641 1656 793 1766 guttula
809 1655 990 1764 quidem;
1018 1654 1147 1740 forsan

261 1793 338 1850 nec
367 1767 417 1848 ab
443 1769 525 1848 e'us
555 1787 669 1873 parte
697 1764 884 1847 vicefima.
940 1765 1025 1876 Qi
1058 1767 1147 1850 illud

261 1877 348 1958 fieri
377 1900 433 1982 po
478 1897 517 1980 t,
550 1896 595 1956 ut
628 1875 911 1985 intellegamus,
946 1878 1148 1960 advertere

261 1984 480 2092 oportebit,
503 2012 619 2093 quem
644 1985 686 2066 in
709 1983 884 2088 modum,
910 1987 1065 2070 Urticae
1090 1987 1149 2069 sti·

261 2095 387 2197 mulo,
413 2095 476 2176 vel
488 2092 676 2176 Animalis
692 2097 874 2176 venenati
891 2097 1034 2202 morsu,
1062 2097 1149 2180 alie·

260 2203 306 2286 ni
322 2202 556 2286 tantillulum
580 2203 621 2285 in
640 2205 759 2286 cutim
782 2205 1036 2315 immittente,
1063 2235 1149 2291 cum

263 2312 357 2396 aestu
367 2311 581 2424 doloreque
593 2340 823 2423 permagno,
849 2315 918 2396 fiat
932 2317 1150 2399 Inflamma-

264 2423 335 2508 tio.
391 2423 502 2507 Idem
515 2425 556 2507 in
566 2424 781 2508 Arthritidti
795 2426 1032 2528 Paroxysmo
1046 2428 1149 2552 cogi-

264 2533 430 2619 tandum
451 2535 517 2617 est
573 2541 675 2617 Aere
696 2533 892 2644 quoddam
916 2535 1088 2620 alienum
1109 2566 1146 2618 m

265 2646 498 2728 tenerrimas
523 2646 690 2728 infusum
717 2645 979 2749 Membranas,
1018 2669 1147 2728 earum

264 2754 400 2836 Fibras
416 2754 561 2861 erodit,
588 2753 803 2863 &Spiritus
819 2755 860 2836 in
879 2755 923 2836 iis
940 2775 1148 2838 contentos

246 2867 382 2945 ‘vexat
402 2874 444 2947 ὅτ
460 2865 655 2974 exagitat:
685 2863 753 2948 nist
772 2865 932 2947 trallum
954 2877 996 2949 ὅτ
1009 2872 1148 2988 raayglr

265 2969 383 3078 illud,
409 2970 514 3079 quod
531 2971 651 3054 toties
670 2971 772 3077 dixi,
797 2974 972 3056 vasorum
992 2984 1148 3088 Sangui·

265 3077 596 3188 nemferentium,
622 3082 688 3176 ubi
707 3084 902 3166 Diametri
923 3112 1060 3168 eorum
1084 3085 1147 3168 mi·

265 3192 384 3276 nimae
401 3191 504 3300 sunt,
531 3191 678 3276 tunicas
696 3192 894 3300 distendit,
918 3187 1052 3307 itaque
1067 3194 1148 3278 Do-

267 3299 393 3386 lorem
409 3301 542 3387 infert.
598 3312 646 3386 In
664 3303 785 3413 priori
803 3303 903 3410 casu,
928 3334 1009 3414 quo
1028 3304 1148 3417 magis

267 3428 373 3522 aeger
387 3411 509 3520 dolet,
536 3442 585 3495 eo
608 3415 732 3496 Causa
752 3414 1005 3515 venenosior3
1032 3417 1076 3499 in
1099 3416 1149 3498 al·

270 3537 360 3606 tero
377 3519 483 3631 calu,
503 3548 554 3606 eo
572 3522 721 3605 craffius
737 3519 830 3606 illud
846 3525 1017 3609 craffum.

1045 3751 1150 3830 ME·
