2550 4336
126 273 221 396 156

582 271 814 411 Hrstorta.

258 432 355 518 dore
382 439 564 543 Hedum,
593 438 793 522 Phthiseos
817 440 958 520 futurae
989 439 1139 524 indiciis

257 568 461 656 correptus
489 550 559 652 est,
591 548 815 659 summoque
844 547 886 628 in
918 548 1140 633 discrimine

257 655 441 763 versatus,
463 683 535 741 nec
549 656 600 740 ab
615 685 666 740 eo
681 657 750 739 nist
769 656 890 738 multa
904 658 1142 741 observatio-

257 767 450 870 ne,&diu
461 788 573 851 caute
584 765 739 876 agendo
750 767 946 850 liberatus.
967 766 1142 854 Posthaec

256 872 404 982 inertia,
428 889 469 961 &
487 880 570 958 vitae
587 874 762 958 addidus
772 878 994 983 sedentum,
1025 879 1145 962 alieni>

256 982 333 1061 vim
348 985 593 1068 immodicam
605 986 646 1071 in
658 985 841 1095 sanguine
851 987 1063 1091 contraxit,
1076 987 1141 1070 ad-

257 1113 308 1171 eo
324 1113 368 1173 ut
383 1093 578 1178 sen'ediam
595 1096 658 1178 vix
672 1095 871 1206 ingreffus,
897 1121 986 1178 eum
1001 1095 1043 1179 in
1060 1125 1140 1180 mo·

258 1196 352 1283 dum
365 1204 594 1310 afficeretur,
619 1204 687 1395 (lui
703 1231 822 1307 rarus,
848 1206 989 1315 gravis,
1016 1217 1059 1290 δε
1075 1234 1139 1314 pe·

257 1307 381 1393 riculo
398 1314 568 1420 plenusa
584 1342 637 1396 no
666 1314 696 1397 is
714 1314 790 1398 hoc
808 1314 849 1395 in
867 1314 957 1394 loco
971 1342 1139 1398 comme·

259 1421 481 1505 morandus.

313 1530 599 1616 TUMERE
637 1533 756 1641 pedes
792 1532 879 1615 sero
913 1533 1137 1637 admodum,

257 1637 375 1720 etiam
400 1669 514 1724 mane
532 1642 703 1748 distenti,
728 1643 917 1755 digitique
930 1641 1138 1750 impreffio

255 1774 349 1831 nem
367 1750 480 1834 facile
495 1774 693 1861 acceptam
712 1751 778 1834 diu
797 1755 998 1848 retinercg·
1017 1747 1138 1852 fames

257 1862 499 1963 evanescere,
525 1873 566 1944 &
595 1889 683 1946 cum
714 1861 818 1969 fame
844 1860 999 1958 codi03
1032 1863 1139 1942 urina

256 1971 435 2073 paucula,
462 1971 609 2066 rufula;
648 1967 787 2074 facies,
820 1969 1003 2052 obtuenti
1031 1970 1137 2073 mihi,

255 2074 395 2156 mirum
426 2098 613 2189 quantum
639 2105 826 2189 apparere
859 2079 997 2183 aliena,
1026 2079 1136 2161 nimi-

255 2208 340 2262 rum
368 2183 511 2291 hebes,
548 2187 707 2294 obtusa,
733 2189 865 2271 colore
894 2185 1002 2270 fusco
1027 2200 1069 2272 ὅτ
1099 2189 1137 2270 in

256 2295 430 2405 margine
445 2297 495 2378 ad
510 2298 651 2382 flavum
667 2296 867 2381 tendente.
921 2299 1137 2380 Concurre-

256 2429 298 2482 re
317 2402 537 2512 familiares‚
563 2409 703 2492 veteris
722 2405 1011 2490 consuetudinis
1027 2406 1137 2493 mini

254 2538 319 2594 me
344 2515 472 2621 obliti,
499 2529 539 2600 &
568 2518 735 2628 gemitus
762 2519 928 2600 inter&
951 2516 1135 2618 lacrymas

255 2621 306 2725 ei,
333 2652 379 2708 ac
393 2626 514 2709 finon
527 2654 574 2709 ex
590 2628 685 2710 urbe
702 2627 837 2733 solum,
864 2650 998 2706 verum
1017 2625 1137 2708 etiam

255 2731 367 2814 evita
379 2738 586 2840 exceffuro,
594 2734 818 2820 valedicere.
842 2733 1021 2817 Disceffit
1032 2733 1142 2816 enim

255 2836 319 2920 hic
336 2843 491 2928 suorum
509 2845 601 2927 olim
619 2843 802 2958 gaudium
818 2855 858 2928 δι
873 2843 1034 2947 deliciae,
1054 2845 1139 2954 jam

255 2966 402 3031 metum
418 2952 504 3057 illis,
512 2957 594 3063 jam
611 2980 825 3036 moerorem
839 2954 1041 3056 incutiens,
1051 2960 1137 3036 tan

254 3083 370 3167 quam
384 3059 572 3168 Hydrope
588 3062 669 3145 cito
684 3063 888 3172 periturus.

309 3175 477 3256 SOLA
495 3170 580 3256 usus
601 3173 671 3278 est,
697 3177 745 3258 ἀι
762 3180 788 3259 ³?
806 3169 983 3289 φαρμάκων
1003 3195 1138 3252 nume·

254 3306 315 3381 ro,
334 3281 505 3366 uinum
520 3283 749 3384 Stomachum
764 3283 869 3393 cujus
883 3298 1014 3390 guttas
1030 3278 1138 3389 quasi

253 3393 379 3474 XXX
392 3389 523 3499 saepius
539 3393 581 3475 in
598 3393 663 3476 die
674 3419 722 3474 ex
736 3393 832 3474 vino
851 3388 984 3473 hausit.
1026 3392 1138 3472 Lon·

256 3523 349 3606 gum
367 3497 443 3579 iter
457 3499 597 3584 Rheda
608 3501 792 3603 coniecit,
818 3527 866 3581 ex
884 3527 965 3610 quo
984 3497 1138 3580 nonita

256 3609 323 3696 diu
343 3608 429 3719 post
446 3609 667 3716 audivimus,
695 3608 875 3695 Articulis
901 3635 989 3692 eum
1010 3632 1138 3716 aegro·

1038 3737 1136 3824 tare,
