2550 4336
444 287 826 470 1,(ῑνι)
1044 472 1048 477 .
1192 39 1205 428 l

895 644 1160 657 ,α-ο-ο-ι-α

118 784 256 927 Ἢ.
477 765 876 899 fflsroutn
922 767 965 867 1.

385 978 1164 1086 HIRURGUSExonierfisArtbriti·

404 1088 447 1172 de
459 1085 778 1173 ltaereditariadiu
789 1109 985 1200 gravatus,
1004 1089 1166 1202 chiragra

280 1199 485 1306 laboravit,
517 1196 825 1282 inflammatione
853 1197 976 1302 rosea,
1015 1220 1164 1282 tumore

280 1337 430 1423 magno
445 1308 658 1406 comitata;
685 1307 751 1390 sed
768 1306 873 1419 quod
889 1307 1091 1416 praecipue
1103 1336 1166 1392 no·

283 1418 443 1505 tandum
459 1435 559 1523 erat,
584 1417 721 1500 dolore
737 1417 837 1501 adeo
858 1415 1103 1524 vehementi,
1127 1438 1164 1501 ut

283 1529 366 1613 dies
378 1528 587 1637 nottelque
604 1527 787 1610 insomnis
800 1529 963 1639 jaceret,
980 1526 1164 1609 lamenta-

282 1641 413 1724 tiones
439 1637 696 1721 indefinentes
720 1637 868 1742 ederet,
901 1636 1022 1747 seque
1047 1637 1165 1719 omni·

283 1778 350 1833 um
365 1749 585 1832 mortalium
605 1745 858 1831 miserrimum
878 1748 1165 1856 pronunciaret.

283 1866 403 1942 Hunc
420 1858 585 1941 invisens
607 1856 647 1939 id
662 1857 849 1961 consului,
875 1878 918 1936 ut
935 1856 1078 1939 cubito
1088 1861 1165 1969 Epi·

274 1966 459 2076 spasticm
481 1968 627 2070 latum,
658 1969 760 2048 bene
788 1986 981 2049 armatum
1011 1966 1165 2074 pulvere

282 2074 565 2158 Cantharidum
591 2075 829 2184 applicaret,
864 2075 1041 2184 inibique
1072 2076 1163 2160 vites

228 2204 234 2217 ·
282 2209 466 2267 exercere
480 2211 618 2268 omnes
630 2187 888 2294 permitteret.
928 2184 1044 2294 Qid
1058 2210 1106 2267 ex
1120 2212 1166 2266 eo

284 2292 359 2376 fit?
400 2297 499 2380 Non
512 2293 635 2378 solum
651 2296 824 2378 acerrimi
837 2295 918 2381 seri
931 2296 1165 2402 permultum

282 2401 358 2514 (lbj
378 2403 453 2488 scil.
471 2405 557 2513 plus
571 2406 719 2512 minus)
744 2404 933 2508 educitur,
957 2402 1042 2506 sed,
1065 2402 1166 2515 quod

285 2542 445 2598 omnem
462 2516 774 2622 expediationem
789 2515 952 2596 multum
965 2511 1165 2622 exsupera·

284 2625 357 2729 vit,
385 2652 472 2709 cum
491 2624 629 2708 dolore
642 2627 848 2708 imminuto
860 2667 872 2721 3
898 2622 1052 2730 placide
1066 2623 1164 2705 enim

285 2760 334 2814 ea
353 2737 472 2820 nocte
496 2735 702 2837 dormivit,
737 2759 862 2843 neque
884 2731 935 2814 de
957 2736 995 2815 E
1014 2733 1166 2845 ispastico

284 2843 346 2923 vel
365 2847 568 2927 minimum
584 2846 813 2954 conquestus
827 2843 895 2926 est.
931 2844 969 2926 A
997 2869 1050 2922 eo
1064 2867 1167 2924 nem·

285 2975 336 3058 pe
359 2951 525 3034 veficans
545 2954 618 3038 hac
635 2952 836 3038 Arthritide
855 2949 1111 3034 tolerabilius.

341 3062 435 3146 UT
463 3061 551 3144 huic
578 3065 634 3145 rei
659 3060 933 3171 aliquantisper
956 3062 1170 3165 immorer,

285 3196 360 3281 pro
384 3172 668 3287 Eptspasticorunt
693 3169 862 3255 utilitate
887 3183 928 3255 &
954 3168 1169 3253 commodo

286 3309 335 3362 ex
352 3284 399 3366 iis
411 3283 615 3391 capiendo,
625 3311 708 3366 non
722 3282 812 3364 satis
824 3281 1075 3390 frequentem
1090 3280 1169 3390 ejus

281 3390 392 3490 ,usum
406 3392 725 3490 inArthritictrum
736 3389 926 3475 medicina
931 3388 1078 3501 judico
1099 3389 1169 3472 Ni·

286 3499 341 3581 hil
365 3502 412 3584 iis
431 3504 587 3608 redlius,
613 3502 709 3585 nihil
734 3501 887 3602 certius,
915 3498 1010 3581 nihil
1029 3516 1169 3607 poten·

286 3611 361 3694 tius
386 3619 624 3698 acre'Sermn
644 3610 784 3712 educit.
838 3610 912 3696 His
936 3608 1035 3694 adde
1065 3609 1169 3718 quie-

1088 3739 1167 3800 tem
