840 1225
292 119 645 151 DEn1cAT10.

216 170 324 201 Sanetus,
335 169 376 203 qui
384 177 433 195 non
442 169 508 195 idem
514 168 600 204 Justus
610 169 647 200 fit,
664 178 720 195 con-

215 205 302 230 tendis.
323 204 405 230 Placet
415 205 567 235 denuntiare,
584 205 651 237 quod
662 204 720 229 Tuo-

215 246 271 264 rum
278 239 304 265 &
313 239 400 265 Patriae
407 239 590 270 amantiffimus,
602 239 632 264 ab
638 239 666 264 iis
674 239 719 269 (ra-

215 282 242 299 ra
253 281 312 299 vero
323 274 375 299 haec
387 273 509 304 Felicitas,
524 273 550 299 &
562 272 574 296 ὲ
582 274 647 299 Viris
659 273 720 306 saepe

215 308 329 333 maximis
349 307 496 339 desiderata)
517 309 607 341 pariter
624 315 720 339 amere3

215 342 367 375 dubiumque
378 342 482 368 omnino
493 342 543 372 fiat,
550 344 614 368 Uter
624 342 652 367 fit
660 343 719 368 Utri

215 376 306 402 carior:
331 376 426 408 Placet,
442 376 509 410 quod
522 385 551 403 ex
568 377 675 402 aliorum
686 377 719 402 in-

215 411 348 436 commodo
371 419 423 437 non
444 416 561 443 augeatur
581 411 631 436 Res
650 411 703 435 Tua
711 431 719 442 ,

215 446 357 478 neminique
376 445 458 478 gravis
472 445 501 471 fit
520 445 574 471 Tua
595 446 719 478 Magnitu-

214 480 254 506 do.
290 480 428 507 Enimvero
444 480 593 506 Divinorum
614 480 632 505 is
650 480 717 512 Inge-

213 512 315 539 'niorum
325 523 379 540 mos
388 514 430 544 est,
447 519 477 540 ut
483 515 553 544 Solis,
571 519 719 540 ceterorum-

214 557 263 581 que
271 549 410 574 Luminum
417 549 490 575 instar
497 548 630 575 coelestium
639 554 719 580 agant,

214 591 270 617 quae
286 583 419 614 Homines,
443 591 498 616 quae
509 583 624 614 AnimaJc
636 584 718 608 Genus

214 626 296 648 omne,
309 626 365 651 quae
373 618 494 648 Frustees,
504 618 602 651 ipsaque
612 619 718 644 Minera-

213 652 255 682 lia,
272 653 359 679 Calore
369 652 471 679 foveant
478 653 504 679 &
515 653 584 678 Luce
596 658 718 685 recreent;

214 687 279 713 nulla
285 696 345 713 vero
356 687 448 714 interea
460 687 587 714 Gravitate
592 692 717 720 premant:

213 721 310 748 fibimet
321 721 375 755 ipfis
385 721 456 750 suum
468 722 565 747 Pondus
576 722 701 747 servantia.

249 790 458 819 Pnuwrmm
478 790 504 815 &
524 789 617 815 inlustri
634 791 717 816 Domo

213 825 279 857 quod
290 830 398 855 exortus,
414 823 466 856 ejus
476 824 548 850 hodie
558 825 673 857 Princeps
681 824 718 855 fis,

212 859 262 891 ipfi:
278 867 365 892 parum
381 858 428 885 effi
440 858 551 890 judicas;
572 858 599 884 &
615 859 717 891 quidem

213 893 275 920 Aliis
289 892 379 919 Tecum
391 893 426 919 est
438 900 583 919 commune.
601 894 637 919 At
647 893 716 926 quod

212 928 303 953 talibus
317 927 484 959 Ornamentis,
505 932 563 953 utut
579 928 674 954 eximiis
689 928 717 954 &

212 962 342 1002 praeclaris3
359 962 474 995 praeferas
485 960 628 995 Juffitiang
648 962 725 995 quod

185 1021 192 1029 ,
212 997 283 1027 nulli,
299 997 357 1031 quin
369 997 476 1022 seorsum
486 997 527 1023 abs
538 995 573 1021 Te
582 996 664 1027 sentit,
681 997 717 1023 vi-

212 1031 255 1057 tio
259 1031 285 1058 id
295 1036 388 1059 vertas·
382 1050 390 1064 ,
406 1031 524 1065 quodque
534 1031 614 1058 Alteri
623 1039 674 1057 non
684 1031 716 1056 ἧι-
737 1060 738 1067 ¹

657 1065 715 1096 cias,
