2550 4336
413 284 739 393 Arthritidos.
1080 321 1142 412 55

132 450 257 547 dens;
287 448 387 533 adeo
412 478 508 536 vero
532 453 730 558 constans,
757 468 802 534 ut
825 477 914 532 raro
942 480 1013 534 un·

130 587 249 670 quam
274 561 422 642 aliam
412 591 452 644 1n
479 562 671 645 veteribus
695 562 900 645 Artbriiicii
925 563 1014 666 effe,

129 670 278 777 probet
302 668 469 754 detracti
489 672 729 785 Sanguinis
720 700 761 755 m
780 669 935 775 Cyatho
957 672 1013 754 fa·

130 780 267 864 cies·—

537 1011 598 1107 V.

183 1218 222 1298 A
237 1212 495 1325 Causaehujus
510 1214 741 1317 diversitate,
768 1242 871 1300 nune
893 1213 942 1296 ab
957 1220 1010 1298 A
995 1246 1175 1308 mm.

127 1324 198 1428 cri,
213 1353 314 1409 nunc
333 1353 355 1408 a
376 1327 494 1427 crudo,
512 1353 613 1411 nunc
632 1328 681 1409 ab
694 1324 768 1429 his,
792 1337 832 1410 &
854 1323 1057 1446 quidem
1025 1342 1057 1382 ’
1067 1321 1174 1385 Anini-

129 1431 376 1517 multifariam
391 1434 625 1541 compositis,
653 1455 754 1537 orta,
780 1461 935 1518 evenire
951 1438 1011 1546 ju·
996 1397 1154 1553 -ξζέςῶ

127 1541 233 1646 dicu,
258 1541 379 1654 (quod
402 1555 441 1626 &
456 1544 557 1625 hanc
571 1543 829 1626 diversitatem
849 1571 1010 1666 magno-

125 1676 221 1758 pere
247 1653 417 1759 probat,)
441 1651 693 1735 decantatum
715 1651 809 1734 illud
832 1679 1011 1761 aenigma,

125 1762 212 1869 Qi
171 1760 318 1844 ufieri
343 1760 471 1871 poffit,
497 1761 600 1885 quod
626 1760 801 1846 Arthritis
827 1759 1012 1843 medendi

125 1870 349 1974 methodos,
365 1884 404 1955 &
419 1869 589 1953 remedia
604 1891 682 1953 tam
695 1872 797 1953 varia
811 1871 1009 2059 repuirat?

125 1980 305 2063 nimirum
322 2009 345 2061 a
360 1979 508 2061 diversa
523 1982 649 2062 morbi
664 1980 760 2063 illius
780 2007 849 2062 cau
868 2008 900 2061 ae
915 2008 992 2063 con

125 2109 289 2171 tinentis
301 2088 446 2193 indole,
473 2102 512 2173 &
526 2109 682 2173 natura:
711 2115 836 2199 neque
855 2089 1007 2174 hocve

124 2199 304 2281 teribus
296 2201 544 2308 ignotum,[
523 2199 662 2311 [Podag
663 2229 709 2279 rae
727 2199 896 2308 affeiium,
921 2200 1004 2305 (ita,

124 2308 308 2390 Guinierio
332 2327 525 2411 vertente,
552 2231 791 2415 miiaiin)
816 2337 861 2391 ex
886 2312 1005 2394 multis
1134 2364 1137 2369 -

123 2416 327 2538 diverfisque
351 2418 444 2526 caus
425 2447 455 2498 s
480 2419 643 2527 originem
666 2415 815 2523 trabere,
843 2420 1005 2529 inprimis

115 2525 204 2648 sciri
224 2545 375 2652 oportet.
403 2526 490 2608 unde
511 2556 582 2616 mei
597 2527 732 2649 judicio
751 2543 889 2648 propter
904 2556 1005 2714 gene·

123 2635 275 2718 rationis
304 2636 525 2739 varietatem,
559 2664 665 2758 neque
690 2633 871 2740 internosci
890 2632 975 2746 prob
974 2663 1005 2740 e,

121 2771 230 2865 neque
264 2743 450 2849 absolutam
482 2744 691 2831 curationem
725 2742 877 2850 consequi
906 2760 1003 2852 pote·

122 2854 208 2960 rit]
