2550 4336
669 280 878 412 (166)

182 758 310 843 ruem
544 744 942 858 HISTORIA
989 756 1029 855 I.

224 837 273 913 'w'
372 946 622 1057 Arthritis
632 947 822 1084 frigida
848 987 955 1053 cum
987 951 1189 1092 Crepitu

677 1087 873 1224 Offlum.

442 1305 482 1388 T
510 1302 726 1387 Arebritidis
746 1300 818 1386 hac
842 1306 883 1388 in
905 1323 1016 1413 parte
1046 1324 1216 1387 naturam

462 1413 634 1496 Historia
658 1411 899 1518 confirmem,
927 1414 975 1497 ad
1005 1442 1148 1497 manus
1173 1417 1219 1501 est

339 1521 586 1630 exemplum;
605 1521 746 1604 Mulier
765 1550 953 1604 annorum
967 1525 1220 1636 quinquagin-

342 1651 385 1716 ta
397 1634 476 1743 jam
495 1656 566 1740 per
582 1631 810 1714 decennium
832 1633 988 1716 artubus
1003 1637 1220 1742 aegrotavit,

341 1760 387 1824 ut
444 1759 636 1825 ternanos
656 1753 697 1825 δε
716 1740 834 1866 pedes
848 1741 993 1826 clauda.
1033 1744 1221 1828 Rheuma·

342 1769 460 1934 tidnoo
484 1851 549 1932 illa
573 1850 611 1933 se
633 1849 731 1934 affici
749 1853 912 1959 putavit,
939 1879 986 1933 ex
1014 1852 1222 1939 humida&

343 1960 546 2072 uliginosa,
562 1961 602 2042 in
621 1987 696 2072 qua
712 1959 880 2073 degebat
892 1961 1032 2044 domo:
1063 1971 1155 2075 Ego
1168 1992 1222 2046 ve·

344 2092 393 2149 ro
412 2091 550 2150 contra
570 2066 771 2152 Arrdritide
788 2069 944 2182 frigida.
999 2078 1098 2153 Erat
1127 2076 1222 2155 enim

343 2176 438 2260 dolor
451 2178 666 2281 articularis,
693 2177 760 2260 sed
776 2179 944 2285 obtusus,
968 2191 1008 2264 &
1025 2184 1224 2290 tempesta-

280 2300 287 2311 '
345 2304 389 2369 te
405 2287 536 2396 pluvia
554 2287 801 2396 potiffimum,
826 2316 913 2370 cum
931 2312 1085 2372 tumore
1106 2291 1225 2374 modi·

345 2423 410 2502 co,
431 2397 571 2481 rubore
585 2423 693 2501 vero,
715 2399 918 2508 nitoreque
931 2399 1050 2482 nullo.
1109 2402 1226 2483 Dolo·

348 2531 431 2592 rem
450 2507 716 2618 mitigantibus
733 2508 817 2615 plus
836 2509 952 2589 semel
970 2510 1035 2593 uia
1050 2510 1122 2611 est,
1139 2540 1225 2592 nun·

347 2643 463 2726 quam
501 2635 630 2698 autem
663 2614 741 2698 fine
770 2614 942 2724 periculo
973 2629 1013 2700 ὅτ
1049 2619 1225 2701 discrimi-

292 2740 295 2756 '
347 2751 426 2810 ne:
469 2727 654 2836 quamdiu
684 2754 779 2808 vero
814 2738 848 2808 ἀ
882 2736 943 2813 nie
974 2724 1037 2829 ἔξω
1069 2730 1227 2811 materia

345 2835 575 2940 versaretur,
598 2833 743 2940 esuriit,
763 2837 960 2940 concoxit,
981 2834 1160 2941 dormiit,
1178 2839 1229 2921 hi·

345 2938 417 3023 lari
449 2945 559 3028 vultu
591 2944 776 3054 bonoque
803 2946 934 3028 animo
963 2940 1050 3028 fuit.
1119 2955 1230 3062 Crepi-

345 3048 403 3134 ἴω
422 3049 516 3139 „huic
541 3053 756 3164 aegrotanti
785 3052 909 3165 offlam
942 3052 1044 3162 fuit,
1110 3059 1230 3140 ualem

347 3183 466 3245 antea
490 3189 686 3273 nunquam
713 3163 855 3248 audivi.
895 3167 1065 3271 Qoties
1080 3083 1130 3247 ie
1156 3195 1232 3250 mo

349 3295 473 3377 veret,
506 3274 684 3377 Humeri,
715 3267 862 3375 Cubiti‚
890 3275 1023 3380 Carpi,
1055 3276 1231 3385 quinimo

349 3382 490 3485 Spinae,
521 3382 769 3487 Coxendicis‚
789 3386 904 3464 Genu
928 3384 1126 3491 CrepituS,
1153 3407 1232 3468 tan-

348 3515 464 3597 quam
491 3490 541 3569 ab
569 3492 705 3572 inflato
727 3492 861 3598 spiritu
886 3495 1022 3602 organi
1047 3522 1232 3599 pneuma·

346 3597 414 3689 tic-i
435 3599 564 3708 sonui,
581 3600 780 3714 edebatur.
826 3608 960 3687 Parum
980 3605 1133 3711 profuit
1151 3603 1236 3686 huie

1077 3735 1232 3827 aegrotae
