<?xml version="1.0" encoding="UTF-8"?>
<!DOCTYPE html PUBLIC "-//W3C//DTD XHTML 1.0 Transitional//EN"
    "http://www.w3.org/TR/xhtml1/DTD/xhtml1-transitional.dtd">
<html xmlns="http://www.w3.org/1999/xhtml" xml:lang="en" lang="en">
 <head>
  <title>
</title>
<meta http-equiv="Content-Type" content="text/html;charset=utf-8" />
  <meta name='ocr-system' content='tesseract 3.04.00' />
  <meta name='ocr-capabilities' content='ocr_page ocr_carea ocr_par ocr_line ocrx_word'/>
</head>
<body>
  <div class='ocr_page' id='page_1' title='image "./dearthritidepri00musggoog_0190.png"; bbox 0 0 2550 4336; ppageno 0'>
   <div class='ocr_carea' id='block_1_1' title="bbox 460 256 689 394">
    <p class='ocr_par' dir='ltr' id='par_1_1' title="bbox 460 256 689 394">
     <span class='ocr_line' id='line_1_1' title="bbox 460 256 689 394; baseline 0.009 -30"><span class='ocrx_word' id='word_1_1' title='bbox 460 256 689 394; x_wconf 80' lang='lat' dir='ltr'>Historia.</span> 
     </span>
    </p>
   </div>
   <div class='ocr_carea' id='block_1_2' title="bbox 127 421 1013 623">
    <p class='ocr_par' dir='ltr' id='par_1_2' title="bbox 127 421 1013 623">
     <span class='ocr_line' id='line_1_2' title="bbox 127 421 1013 535; baseline 0.007 -30"><span class='ocrx_word' id='word_1_2' title='bbox 127 439 290 534; x_wconf 81' lang='lat' dir='ltr'>aegrotae</span> <span class='ocrx_word' id='word_1_3' title='bbox 304 421 507 526; x_wconf 82' lang='lat' dir='ltr'>medicina,</span> <span class='ocrx_word' id='word_1_4' title='bbox 531 446 609 535; x_wconf 88' lang='lat' dir='ltr'>ego</span> <span class='ocrx_word' id='word_1_5' title='bbox 627 423 872 530; x_wconf 82' lang='lat' dir='ltr'>neobeffem,</span> <span class='ocrx_word' id='word_1_6' title='bbox 898 452 1013 520; x_wconf 77' lang='lat' dir='ltr'><strong>ame·</strong></span> 
     </span>
     <span class='ocr_line' id='line_1_3' title="bbox 127 531 781 623; baseline -0.008 -2"><span class='ocrx_word' id='word_1_7' title='bbox 127 531 358 621; x_wconf 79' lang='lat' dir='ltr'>dicamentis</span> <span class='ocrx_word' id='word_1_8' title='bbox 375 532 591 618; x_wconf 82' lang='lat' dir='ltr'>efficacibus</span> <span class='ocrx_word' id='word_1_9' title='bbox 609 532 781 623; x_wconf 85' lang='lat' dir='ltr'>abstinui.</span> 
     </span>
    </p>
   </div>
   <div class='ocr_carea' id='block_1_3' title="bbox 154 757 994 1071">
    <p class='ocr_par' dir='ltr' id='par_1_3' title="bbox 154 757 994 1071">
     <span class='ocr_line' id='line_1_4' title="bbox 410 757 739 860; baseline 0.009 -3"><span class='ocrx_word' id='word_1_10' title='bbox 410 758 458 857; x_wconf 92' lang='lat' dir='ltr'><strong>H</strong></span> <span class='ocrx_word' id='word_1_11' title='bbox 482 757 505 857; x_wconf 95' lang='lat' dir='ltr'>I</span> <span class='ocrx_word' id='word_1_12' title='bbox 529 762 561 860; x_wconf 88' lang='lat' dir='ltr'>S</span> <span class='ocrx_word' id='word_1_13' title='bbox 582 760 637 857; x_wconf 92' lang='lat' dir='ltr'>T.</span> <span class='ocrx_word' id='word_1_14' title='bbox 677 759 739 860; x_wconf 91' lang='lat' dir='ltr'>II.</span> 
     </span>
     <span class='ocr_line' id='line_1_5' title="bbox 154 929 994 1071; baseline 0.002 -33"><span class='ocrx_word' id='word_1_15' title='bbox 154 929 437 1038; x_wconf 51' lang='lat' dir='ltr'>&amp;subruis</span> <span class='ocrx_word' id='word_1_16' title='bbox 457 936 586 1066; x_wconf 73' lang='lat' dir='ltr'><em>Vaga</em></span> <span class='ocrx_word' id='word_1_17' title='bbox 608 932 660 1033; x_wconf 86' lang='lat' dir='ltr'>in</span> <span class='ocrx_word' id='word_1_18' title='bbox 684 935 858 1038; x_wconf 67' lang='lat' dir='ltr'>Fixum</span> <span class='ocrx_word' id='word_1_19' title='bbox 879 935 994 1071; x_wconf 79' lang='lat' dir='ltr'><em>dest-</em></span> 
     </span>
    </p>
   </div>
   <div class='ocr_carea' id='block_1_4' title="bbox 507 1104 637 1174">
    <p class='ocr_par' dir='ltr' id='par_1_4' title="bbox 507 1104 637 1174">
     <span class='ocr_line' id='line_1_6' title="bbox 507 1104 637 1174; baseline 0.054 -6"><span class='ocrx_word' id='word_1_20' title='bbox 507 1104 637 1174; x_wconf 68' lang='lat' dir='ltr'>nem.</span> 
     </span>
    </p>
   </div>
   <div class='ocr_carea' id='block_1_5' title="bbox 123 1283 1010 2279">
    <p class='ocr_par' dir='ltr' id='par_1_5' title="bbox 123 1283 1010 2279">
     <span class='ocr_line' id='line_1_7' title="bbox 183 1283 1010 1396; baseline 0.005 -28"><span class='ocrx_word' id='word_1_21' title='bbox 183 1283 523 1394; x_wconf 81' lang='lat' dir='ltr'><em>ARTHRIT!</em></span> <span class='ocrx_word' id='word_1_22' title='bbox 532 1286 608 1369; x_wconf 88' lang='lat' dir='ltr'>D!</span> <span class='ocrx_word' id='word_1_23' title='bbox 617 1285 646 1366; x_wconf 89' lang='lat' dir='ltr'><em>S</em></span> <span class='ocrx_word' id='word_1_24' title='bbox 677 1289 781 1396; x_wconf 85' lang='lat' dir='ltr'><em>Vagae</em></span> <span class='ocrx_word' id='word_1_25' title='bbox 812 1287 852 1369; x_wconf 88' lang='lat' dir='ltr'>in</span> <span class='ocrx_word' id='word_1_26' title='bbox 884 1289 1010 1371; x_wconf 81' lang='lat' dir='ltr'>Fixum</span> 
     </span>
     <span class='ocr_line' id='line_1_8' title="bbox 124 1393 1009 1503; baseline 0.003 -25"><span class='ocrx_word' id='word_1_27' title='bbox 124 1397 386 1480; x_wconf 86' lang='lat' dir='ltr'>mutationem</span> <span class='ocrx_word' id='word_1_28' title='bbox 399 1395 479 1503; x_wconf 83' lang='lat' dir='ltr'>plus</span> <span class='ocrx_word' id='word_1_29' title='bbox 490 1393 606 1476; x_wconf 87' lang='lat' dir='ltr'>semel</span> <span class='ocrx_word' id='word_1_30' title='bbox 618 1397 931 1483; x_wconf 82' lang='lat' dir='ltr'>memoravimus:</span> <span class='ocrx_word' id='word_1_31' title='bbox 958 1423 1009 1481; x_wconf 89' lang='lat' dir='ltr'>en</span> 
     </span>
     <span class='ocr_line' id='line_1_9' title="bbox 126 1503 1010 1618; baseline 0.008 -31"><span class='ocrx_word' id='word_1_32' title='bbox 126 1507 211 1618; x_wconf 89' lang='lat' dir='ltr'>ejus</span> <span class='ocrx_word' id='word_1_33' title='bbox 223 1506 439 1614; x_wconf 85' lang='lat' dir='ltr'>exemplum</span> <span class='ocrx_word' id='word_1_34' title='bbox 455 1530 638 1616; x_wconf 83' lang='lat' dir='ltr'>perquam</span> <span class='ocrx_word' id='word_1_35' title='bbox 652 1503 898 1591; x_wconf 88' lang='lat' dir='ltr'>luculentum.</span> <span class='ocrx_word' id='word_1_36' title='bbox 914 1509 1010 1614; x_wconf 76' lang='lat' dir='ltr'><em>Isca·</em></span> 
     </span>
     <span class='ocr_line' id='line_1_10' title="bbox 125 1611 1009 1726; baseline 0 -28"><span class='ocrx_word' id='word_1_37' title='bbox 125 1647 192 1699; x_wconf 79' lang='lat' dir='ltr'>mu</span> <span class='ocrx_word' id='word_1_38' title='bbox 216 1611 354 1698; x_wconf 81' lang='lat' dir='ltr'>artifex</span> <span class='ocrx_word' id='word_1_39' title='bbox 376 1611 670 1697; x_wconf 83' lang='lat' dir='ltr'>Rheumatismo</span> <span class='ocrx_word' id='word_1_40' title='bbox 694 1635 886 1726; x_wconf 80' lang='lat' dir='ltr'>aegrotare</span> <span class='ocrx_word' id='word_1_41' title='bbox 911 1616 1009 1716; x_wconf 77' lang='lat' dir='ltr'>visus</span> 
     </span>
     <span class='ocr_line' id='line_1_11' title="bbox 126 1721 1009 1838; baseline 0.007 -30"><span class='ocrx_word' id='word_1_42' title='bbox 126 1726 198 1829; x_wconf 86' lang='lat' dir='ltr'>est,</span> <span class='ocrx_word' id='word_1_43' title='bbox 253 1725 289 1808; x_wconf 88' lang='lat' dir='ltr'>ui</span> <span class='ocrx_word' id='word_1_44' title='bbox 315 1721 450 1832; x_wconf 88' lang='lat' dir='ltr'>perdiu</span> <span class='ocrx_word' id='word_1_45' title='bbox 481 1722 649 1827; x_wconf 83' lang='lat' dir='ltr'>saeviens,</span> <span class='ocrx_word' id='word_1_46' title='bbox 676 1722 788 1808; x_wconf 86' lang='lat' dir='ltr'>aliam</span> <span class='ocrx_word' id='word_1_47' title='bbox 818 1724 1009 1838; x_wconf 71' lang='lat' dir='ltr'>aliamque</span> 
     </span>
     <span class='ocr_line' id='line_1_12' title="bbox 125 1754 1010 1947; baseline 0 -31"><span class='ocrx_word' id='word_1_48' title='bbox 125 1754 291 1916; x_wconf 58' lang='lat' dir='ltr'>memini</span> <span class='ocrx_word' id='word_1_49' title='bbox 315 1834 468 1945; x_wconf 84' lang='lat' dir='ltr'>aiicujus</span> <span class='ocrx_word' id='word_1_50' title='bbox 488 1849 638 1943; x_wconf 83' lang='lat' dir='ltr'>partem</span> <span class='ocrx_word' id='word_1_51' title='bbox 656 1831 820 1918; x_wconf 85' lang='lat' dir='ltr'>articulis</span> <span class='ocrx_word' id='word_1_52' title='bbox 836 1836 1010 1947; x_wconf 82' lang='lat' dir='ltr'>interpo-</span> 
     </span>
     <span class='ocr_line' id='line_1_13' title="bbox 123 1941 1008 2054; baseline 0.008 -28"><span class='ocrx_word' id='word_1_53' title='bbox 123 1941 236 2026; x_wconf 79' lang='lat' dir='ltr'>sitam</span> <span class='ocrx_word' id='word_1_54' title='bbox 258 1942 480 2027; x_wconf 82' lang='lat' dir='ltr'><strong>momordit.</strong></span> <span class='ocrx_word' id='word_1_55' title='bbox 535 1942 803 2054; x_wconf 84' lang='lat' dir='ltr'>Qamobrem</span> <span class='ocrx_word' id='word_1_56' title='bbox 832 1946 881 2041; x_wconf 76' lang='lat' dir='ltr'>ub</span> <span class='ocrx_word' id='word_1_57' title='bbox 901 1945 1008 2033; x_wconf 77' lang='lat' dir='ltr'>ar&#39;de·</span> 
     </span>
     <span class='ocr_line' id='line_1_14' title="bbox 123 2051 1007 2178; baseline 0.003 -42"><span class='ocrx_word' id='word_1_58' title='bbox 123 2055 232 2142; x_wconf 88' lang='lat' dir='ltr'>lione</span> <span class='ocrx_word' id='word_1_59' title='bbox 252 2053 419 2178; x_wconf 82' lang='lat' dir='ltr'>quodam</span> <span class='ocrx_word' id='word_1_60' title='bbox 450 2051 602 2136; x_wconf 86' lang='lat' dir='ltr'>medico</span> <span class='ocrx_word' id='word_1_61' title='bbox 629 2051 779 2166; x_wconf 82' lang='lat' dir='ltr'>sanguis</span> <span class='ocrx_word' id='word_1_62' title='bbox 809 2055 928 2147; x_wconf 85' lang='lat' dir='ltr'>etiam</span> <span class='ocrx_word' id='word_1_63' title='bbox 950 2076 1007 2140; x_wconf 85' lang='lat' dir='ltr'>at·</span> 
     </span>
     <span class='ocr_line' id='line_1_15' title="bbox 124 2161 1006 2279; baseline 0.006 -33"><span class='ocrx_word' id='word_1_64' title='bbox 124 2192 202 2275; x_wconf 84' lang='lat' dir='ltr'>que</span> <span class='ocrx_word' id='word_1_65' title='bbox 225 2185 344 2248; x_wconf 81' lang='lat' dir='ltr'>etiam</span> <span class='ocrx_word' id='word_1_66' title='bbox 370 2161 496 2247; x_wconf 85' lang='lat' dir='ltr'>miffus</span> <span class='ocrx_word' id='word_1_67' title='bbox 519 2164 597 2247; x_wconf 87' lang='lat' dir='ltr'>est:</span> <span class='ocrx_word' id='word_1_68' title='bbox 626 2165 713 2271; x_wconf 91' lang='lat' dir='ltr'>post</span> <span class='ocrx_word' id='word_1_69' title='bbox 735 2193 873 2256; x_wconf 84' lang='lat' dir='ltr'>venam</span> <span class='ocrx_word' id='word_1_70' title='bbox 896 2165 1006 2279; x_wconf 84' lang='lat' dir='ltr'>quin·</span> 
     </span>
    </p>
   </div>
   <div class='ocr_carea' id='block_1_6' title="bbox 122 2270 1008 2401">
    <p class='ocr_par' dir='ltr' id='par_1_6' title="bbox 122 2270 1008 2401">
     <span class='ocr_line' id='line_1_16' title="bbox 122 2270 1008 2401; baseline -0.001 -43"><span class='ocrx_word' id='word_1_71' title='bbox 122 2277 231 2401; x_wconf 79' lang='lat' dir='ltr'>quies</span> <span class='ocrx_word' id='word_1_72' title='bbox 248 2272 365 2356; x_wconf 84' lang='lat' dir='ltr'>sexies</span> <span class='ocrx_word' id='word_1_73' title='bbox 380 2270 550 2377; x_wconf 84' lang='lat' dir='ltr'>incisam,</span> <span class='ocrx_word' id='word_1_74' title='bbox 578 2271 619 2353; x_wconf 92' lang='lat' dir='ltr'>in</span> <span class='ocrx_word' id='word_1_75' title='bbox 631 2273 826 2370; x_wconf 82' lang='lat' dir='ltr'>Articulos</span> <span class='ocrx_word' id='word_1_76' title='bbox 848 2274 885 2359; x_wconf 86' lang='lat' dir='ltr'>se</span> <span class='ocrx_word' id='word_1_77' title='bbox 905 2303 1008 2358; x_wconf 85' lang='lat' dir='ltr'>rece-</span> 
     </span>
    </p>
   </div>
   <div class='ocr_carea' id='block_1_7' title="bbox 120 2381 1008 3804">
    <p class='ocr_par' dir='ltr' id='par_1_7' title="bbox 120 2381 1008 3784">
     <span class='ocr_line' id='line_1_17' title="bbox 122 2381 1008 2493; baseline -0.001 -24"><span class='ocrx_word' id='word_1_78' title='bbox 122 2408 185 2493; x_wconf 84' lang='lat' dir='ltr'>pit</span> <span class='ocrx_word' id='word_1_79' title='bbox 202 2383 240 2479; x_wconf 83' lang='lat' dir='ltr'>id</span> <span class='ocrx_word' id='word_1_80' title='bbox 290 2382 368 2465; x_wconf 90' lang='lat' dir='ltr'>uod</span> <span class='ocrx_word' id='word_1_81' title='bbox 384 2381 566 2484; x_wconf 85' lang='lat' dir='ltr'>alienum,</span> <span class='ocrx_word' id='word_1_82' title='bbox 593 2381 634 2462; x_wconf 91' lang='lat' dir='ltr'>in</span> <span class='ocrx_word' id='word_1_83' title='bbox 650 2381 781 2488; x_wconf 88' lang='lat' dir='ltr'>primis</span> <span class='ocrx_word' id='word_1_84' title='bbox 795 2386 834 2470; x_wconf 90' lang='lat' dir='ltr'>in</span> <span class='ocrx_word' id='word_1_85' title='bbox 851 2385 1008 2470; x_wconf 85' lang='lat' dir='ltr'>malleo-</span> 
     </span>
     <span class='ocr_line' id='line_1_18' title="bbox 122 2412 1007 2603; baseline 0 -25"><span class='ocrx_word' id='word_1_86' title='bbox 122 2496 229 2592; x_wconf 85' lang='lat' dir='ltr'>lu1n;</span> <span class='ocrx_word' id='word_1_87' title='bbox 257 2412 411 2596; x_wconf 49' lang='lat' dir='ltr'>ieindq</span> <span class='ocrx_word' id='word_1_88' title='bbox 437 2491 565 2603; x_wconf 87' lang='lat' dir='ltr'>Digiti</span> <span class='ocrx_word' id='word_1_89' title='bbox 583 2491 738 2602; x_wconf 86' lang='lat' dir='ltr'>majoris</span> <span class='ocrx_word' id='word_1_90' title='bbox 782 2494 912 2576; x_wconf 86' lang='lat' dir='ltr'>lobum</span> <span class='ocrx_word' id='word_1_91' title='bbox 931 2493 1007 2586; x_wconf 74' lang='lat' dir='ltr'>sive</span> 
     </span>
     <span class='ocr_line' id='line_1_19' title="bbox 122 2522 1006 2714; baseline 0.003 -26"><span class='ocrx_word' id='word_1_92' title='bbox 122 2603 255 2714; x_wconf 80' lang='lat' dir='ltr'>(quod</span> <span class='ocrx_word' id='word_1_93' title='bbox 287 2603 378 2686; x_wconf 84' lang='lat' dir='ltr'>alibi</span> <span class='ocrx_word' id='word_1_94' title='bbox 405 2601 643 2708; x_wconf 84' lang='lat' dir='ltr'>notavimus)</span> <span class='ocrx_word' id='word_1_95' title='bbox 673 2522 885 2688; x_wconf 51' lang='lat' dir='ltr'>Artiitidu</span> <span class='ocrx_word' id='word_1_96' title='bbox 913 2604 1006 2709; x_wconf 64' lang='grc' dir='ltr'>ἐάαν,</span> 
     </span>
     <span class='ocr_line' id='line_1_20' title="bbox 124 2711 1005 2823; baseline 0 -26"><span class='ocrx_word' id='word_1_97' title='bbox 124 2743 213 2797; x_wconf 88' lang='lat' dir='ltr'>cum</span> <span class='ocrx_word' id='word_1_98' title='bbox 239 2737 416 2817; x_wconf 86' lang='lat' dir='ltr'>tumore,</span> <span class='ocrx_word' id='word_1_99' title='bbox 449 2711 611 2812; x_wconf 87' lang='lat' dir='ltr'>rubore,</span> <span class='ocrx_word' id='word_1_100' title='bbox 645 2711 797 2817; x_wconf 82' lang='lat' dir='ltr'>ardore,</span> <span class='ocrx_word' id='word_1_101' title='bbox 828 2712 1005 2823; x_wconf 82' lang='lat' dir='ltr'>genuinis</span> 
     </span>
     <span class='ocr_line' id='line_1_21' title="bbox 123 2822 1005 2936; baseline 0 -29"><span class='ocrx_word' id='word_1_102' title='bbox 123 2825 202 2907; x_wconf 86' lang='lat' dir='ltr'>scil.</span> <span class='ocrx_word' id='word_1_103' title='bbox 233 2827 312 2936; x_wconf 85' lang='lat' dir='ltr'>ejus</span> <span class='ocrx_word' id='word_1_104' title='bbox 343 2822 501 2906; x_wconf 83' lang='lat' dir='ltr'>indiciis.</span> <span class='ocrx_word' id='word_1_105' title='bbox 558 2823 634 2905; x_wconf 90' lang='lat' dir='ltr'>Hic</span> <span class='ocrx_word' id='word_1_106' title='bbox 666 2823 884 2906; x_wconf 78' lang='lat' dir='ltr'>Artbrieidis</span> <span class='ocrx_word' id='word_1_107' title='bbox 911 2828 1005 2907; x_wconf 80' lang='lat' dir='ltr'>Fixae</span> 
     </span>
     <span class='ocr_line' id='line_1_22' title="bbox 121 2930 1007 3044; baseline 0.001 -27"><span class='ocrx_word' id='word_1_108' title='bbox 121 2934 370 3044; x_wconf 81' lang='lat' dir='ltr'>paroxysmus</span> <span class='ocrx_word' id='word_1_109' title='bbox 386 2933 551 3015; x_wconf 87' lang='lat' dir='ltr'>omnino</span> <span class='ocrx_word' id='word_1_110' title='bbox 564 2934 707 3039; x_wconf 86' lang='lat' dir='ltr'>primus</span> <span class='ocrx_word' id='word_1_111' title='bbox 723 2930 796 3018; x_wconf 82' lang='lat' dir='ltr'>fuit</span> <span class='ocrx_word' id='word_1_112' title='bbox 805 2977 816 3029; x_wconf 88' lang='lat'>;</span> <span class='ocrx_word' id='word_1_113' title='bbox 867 2933 903 3017; x_wconf 90' lang='lat' dir='ltr'>ui</span> <span class='ocrx_word' id='word_1_114' title='bbox 919 2935 1007 3043; x_wconf 88' lang='lat' dir='ltr'>post</span> 
     </span>
     <span class='ocr_line' id='line_1_23' title="bbox 121 3042 1007 3151; baseline -0.006 -23"><span class='ocrx_word' id='word_1_115' title='bbox 121 3042 438 3128; x_wconf 73' lang='lat' dir='ltr'>venae·se&amp;iones</span> <span class='ocrx_word' id='word_1_116' title='bbox 448 3042 568 3126; x_wconf 84' lang='lat' dir='ltr'>toties</span> <span class='ocrx_word' id='word_1_117' title='bbox 583 3044 768 3151; x_wconf 79' lang='lat' dir='ltr'>repetitas</span> <span class='ocrx_word' id='word_1_118' title='bbox 782 3043 845 3127; x_wconf 87' lang='lat' dir='ltr'>sex</span> <span class='ocrx_word' id='word_1_119' title='bbox 887 3042 1007 3124; x_wconf 90' lang='lat' dir='ltr'>ebdo-</span> 
     </span>
     <span class='ocr_line' id='line_1_24' title="bbox 120 3148 1006 3258; baseline -0.006 -19"><span class='ocrx_word' id='word_1_120' title='bbox 120 3153 254 3239; x_wconf 84' lang='lat' dir='ltr'><strong>madas</strong></span> <span class='ocrx_word' id='word_1_121' title='bbox 269 3150 765 3257; x_wconf 82' lang='lat' dir='ltr'>duravit‚etiamfimultum</span> <span class='ocrx_word' id='word_1_122' title='bbox 780 3148 1006 3258; x_wconf 85' lang='lat' dir='ltr'>epispastico</span> 
     </span>
     <span class='ocr_line' id='line_1_25' title="bbox 122 3258 1005 3358; baseline -0.006 -10"><span class='ocrx_word' id='word_1_123' title='bbox 122 3263 207 3348; x_wconf 89' lang='lat' dir='ltr'>Seri</span> <span class='ocrx_word' id='word_1_124' title='bbox 226 3261 395 3347; x_wconf 89' lang='lat' dir='ltr'>elicitum</span> <span class='ocrx_word' id='word_1_125' title='bbox 418 3279 528 3358; x_wconf 84' lang='lat' dir='ltr'>erat;</span> <span class='ocrx_word' id='word_1_126' title='bbox 555 3259 658 3351; x_wconf 83' lang='lat' dir='ltr'>uude</span> <span class='ocrx_word' id='word_1_127' title='bbox 680 3259 843 3343; x_wconf 84' lang='lat' dir='ltr'>multum</span> <span class='ocrx_word' id='word_1_128' title='bbox 864 3258 1005 3343; x_wconf 86' lang='lat' dir='ltr'>alleva·</span> 
     </span>
     <span class='ocr_line' id='line_1_26' title="bbox 123 3366 1003 3484; baseline -0.002 -28"><span class='ocrx_word' id='word_1_129' title='bbox 123 3395 184 3459; x_wconf 85' lang='lat' dir='ltr'>tus</span> <span class='ocrx_word' id='word_1_130' title='bbox 201 3374 257 3456; x_wconf 89' lang='lat' dir='ltr'>est</span> <span class='ocrx_word' id='word_1_131' title='bbox 283 3398 398 3484; x_wconf 83' lang='lat' dir='ltr'>aeger.</span> <span class='ocrx_word' id='word_1_132' title='bbox 452 3370 582 3454; x_wconf 88' lang='lat' dir='ltr'>Tenui</span> <span class='ocrx_word' id='word_1_133' title='bbox 602 3366 687 3451; x_wconf 87' lang='lat' dir='ltr'>usus</span> <span class='ocrx_word' id='word_1_134' title='bbox 710 3368 766 3451; x_wconf 88' lang='lat' dir='ltr'>est</span> <span class='ocrx_word' id='word_1_135' title='bbox 783 3371 927 3475; x_wconf 86' lang='lat' dir='ltr'>Diaeta,</span> <span class='ocrx_word' id='word_1_136' title='bbox 954 3397 1003 3455; x_wconf 84' lang='lat' dir='ltr'>ex</span> 
     </span>
     <span class='ocr_line' id='line_1_27' title="bbox 121 3479 1004 3587; baseline -0.006 -20"><span class='ocrx_word' id='word_1_137' title='bbox 121 3482 345 3567; x_wconf 68' lang='lat' dir='ltr'>Ladiiciniis</span> <span class='ocrx_word' id='word_1_138' title='bbox 368 3479 571 3587; x_wconf 80' lang='lat' dir='ltr'>potissime.</span> <span class='ocrx_word' id='word_1_139' title='bbox 626 3479 814 3564; x_wconf 88' lang='lat' dir='ltr'>Plurimos</span> <span class='ocrx_word' id='word_1_140' title='bbox 833 3479 1004 3565; x_wconf 71' lang='lat' dir='ltr'>Arebriti.</span> 
     </span>
     <span class='ocr_line' id='line_1_28' title="bbox 123 3587 1005 3784; baseline -0.01 -104"><span class='ocrx_word' id='word_1_141' title='bbox 123 3597 180 3680; x_wconf 83' lang='lat' dir='ltr'>dis</span> <span class='ocrx_word' id='word_1_142' title='bbox 199 3596 297 3680; x_wconf 82' lang='lat' dir='ltr'>Fixae</span> <span class='ocrx_word' id='word_1_143' title='bbox 311 3590 443 3702; x_wconf 87' lang='lat' dir='ltr'>postea</span> <span class='ocrx_word' id='word_1_144' title='bbox 457 3587 703 3784; x_wconf 54' lang='lat' dir='ltr'>parox{smos</span> <span class='ocrx_word' id='word_1_145' title='bbox 718 3590 865 3698; x_wconf 84' lang='lat' dir='ltr'>habuit,</span> <span class='ocrx_word' id='word_1_146' title='bbox 892 3615 1005 3781; x_wconf 69' lang='lat' dir='ltr'>rlegu-</span> 
     </span>
    </p>

    <p class='ocr_par' dir='ltr' id='par_1_8' title="bbox 637 3726 1006 3804">
     <span class='ocr_line' id='line_1_29' title="bbox 637 3726 1006 3804; baseline 0.005 -21"><span class='ocrx_word' id='word_1_147' title='bbox 637 3733 663 3804; x_wconf 91' lang='lat'>4</span> <span class='ocrx_word' id='word_1_148' title='bbox 923 3726 1006 3785; x_wconf 82' lang='lat' dir='ltr'>ares</span> 
     </span>
    </p>
   </div>
   <div class='ocr_carea' id='block_1_8' title="bbox 1057 278 1233 409">
    <p class='ocr_par' dir='ltr' id='par_1_9' title="bbox 1057 278 1233 409">
     <span class='ocr_line' id='line_1_30' title="bbox 1057 278 1233 409; baseline -0.097 -28"><span class='ocrx_word' id='word_1_149' title='bbox 1057 278 1149 409; x_wconf 79' lang='lat'>167</span> <span class='ocrx_word' id='word_1_150' title='bbox 1226 354 1233 365; x_wconf 89' lang='lat'>.</span> 
     </span>
    </p>
   </div>
   <div class='ocr_carea' id='block_1_9' title="bbox 0 0 1280 4336">
    <p class='ocr_par' dir='ltr' id='par_1_10' title="bbox 0 0 1280 4336">
     <span class='ocr_line' id='line_1_31' title="bbox 0 0 1280 4336; baseline 0 1"><span class='ocrx_word' id='word_1_151' title='bbox 0 0 1280 4336; x_wconf 95' lang='lat' dir='ltr'> </span> 
     </span>
    </p>
   </div>
  </div>
 </body>
</html>
