2550 4336
394 271 627 411 Historia.
760 334 763 340 ,
861 307 866 319 ·
995 307 1093 413 195

63 473 128 529 re:
157 448 326 529 vestrum
340 442 470 527 alteris
485 443 639 547 solatio,
668 442 799 526 alteris
819 465 952 530 autem

63 557 221 640 monito
242 554 301 662 fit,
336 552 442 666 quod
467 580 582 663 quem
611 581 660 636 ex
684 552 806 636 altera
839 576 952 664 parte

62 669 227 778 egestas,
247 678 286 750 &
302 663 450 772 inopia,
469 690 517 746 ex
534 664 655 745 altera
672 692 766 747 vero
784 689 844 746 res
864 691 953 774 pro·

62 774 174 884 spera
194 803 294 885 pene
313 774 565 877 destruxerat,
593 801 680 858 eum
708 778 768 883 (ut
789 775 866 857 dici
892 773 952 857 so·

62 883 144 994 let)
180 884 328 993 aduersa
355 911 418 967 res
446 881 621 968 servavit.
676 883 790 968 Adeo
814 906 954 969 natura

63 997 193 1103 paucis
213 1014 403 1079 contenta
422 996 491 1098 est,
520 1006 561 1079 &
587 997 847 1104 temperantia
862 1022 951 1080 cum

61 1108 217 1190 actione
237 1125 376 1188 contra
391 1102 613 1215 Podagrum
630 1109 901 1234 προφυλωκπιςῆ.

118 1325 226 1404 SIN
254 1321 336 1406 haec
360 1318 631 1406 Arebritiroram
657 1322 758 1405 votis
787 1322 947 1406 minime

59 1429 338 1539 respondeant,
368 1428 562 1544 (agnosco
588 1434 692 1516 enirn
721 1433 812 1518 Aias
840 1459 945 1516 meaa

58 1568 143 1622 non
168 1539 311 1626 habere
330 1547 501 1652 Pennas)
528 1541 725 1627 audiamus
751 1544 945 1629 Horatium

59 1651 334 1737 aestimatorem
348 1678 476 1738 rerum
493 1680 575 1736 non
593 1653 779 1764 iniquum.
861 1760 862 1767 Ν

59 1874 147 1954 Non
154 1871 257 1985 poffls
268 1877 360 1959 oculo
375 1894 541 1986 quantum
555 1872 752 1957 contendere
766 1875 944 1982 Lynceum

59 1980 147 2063 Non
170 2003 286 2067 tamen
303 1984 432 2068 idcirco
447 2007 639 2070 contemnat
653 1987 785 2097 Lippus
802 1988 944 2109 inungi:

57 2093 150 2195 Nec,
150 2094 252 2307 juia
269 2093 418 2205 desperes
433 2096 557 2180 invi&
571 2092 722 2180 membra
737 2096 914 2205 Glyconis,

54 2200 161 2281 Nudo
176 2231 200 2281 a
218 2221 337 2314 corpas
355 2206 442 2286 nolis
456 2206 634 2317 probibere
649 2203 831 2314 chiragra.

58 2308 123 2420 Est
140 2310 289 2421 quodam
296 2313 438 2426 prodire
453 2334 564 2417 tenus,
572 2313 681 2422 finon
694 2312 802 2400 datur
817 2315 924 2398 ultra.

269 2542 353 2618 totu
375 2530 441 2642 ipa
457 2530 531 2618 aicit
547 2535 714 2651 agrippa·

10 2950 13 2963 ·
83 2930 650 3020 DISSERTATIONIS
693 2932 909 3021 PRIMAE

400 3104 588 3196 FINIS.
