2550 4336
204 214 304 365 182

669 243 902 388 Historia.

341 420 399 516 &,
413 432 457 498 ut
476 429 651 523 apparet,
668 411 827 512 idoneo,
841 406 956 492 alieni
974 406 1146 492 muitum
1160 432 1221 515 per

338 524 536 608 Glanum
569 528 735 607 Artuum
772 523 961 624 hircosus,
1007 517 1221 708 ablessavim

338 633 448 743 quod
464 634 654 743 reliquum
664 633 721 714 est
734 657 786 714 ne
814 629 887 712 otii
901 625 1098 742 Dejeilioni
1118 659 1158 708 us
1173 628 1222 708 in·

340 743 496 827 terdum
514 740 740 837 absolvitur;
770 659 886 822 nite-ni
901 735 1008 861 quod
1023 737 1147 819 restat
1161 764 1223 845 per

341 855 471 936 Anum
487 853 777 934 exterminatur.
805 855 897 932 Hoc
909 876 949 930 m
964 848 1106 954 Biliofis
1124 848 1223 928 Con-

340 956 1224 1080 stitutionibussaepiffimecontingit3ubiquie·

340 1087 394 1174 te,
422 1067 654 1174 Paroxysmo
672 1067 782 1150 omni
796 1067 1006 1151 neceffarro
1023 1066 1224 1172 capienda,

338 1179 428 1262 Bilis
443 1198 684 1283 coacervata,
711 1177 780 1259 sub
791 1179 873 1290 ejus
886 1178 1031 1259 exitum
1043 1174 1224 1261 catharu-

337 1289 373 1370 οἱ
394 1288 549 1396 praestat
567 1288 750 1392 officium,
777 1297 818 1370 &
839 1287 1009 1398 Intestino
1032 1283 1224 1370 stimulau-

336 1394 405 1504 do,
433 1397 502 1480 fibi
532 1399 734 1508 maffaeque
760 1397 919 1502 impurae
943 1395 998 1478 ibi
1022 1416 1221 1480 contentu

336 1507 439 1587 viam
454 1501 548 1591 facit
561 1505 714 1616 aperiri,
728 1503 822 1616 quin
836 1503 1123 1613 &reliquiasin
1138 1511 1223 1589 San·

337 1615 454 1740 guinq
470 1618 690 1703 Arrhriticm
705 1615 813 1700 simul
836 1642 921 1697 uum
942 1613 989 1696 iis
1008 1610 1147 1698 forsan
1167 1642 1223 1700 ex·

336 1728 553 1812 terminari.

394 1839 726 1920 BLANDUM
750 1831 929 1944 equidem
948 1830 1220 1944 &benignum

336 1941 416 2026 hoc
429 1949 669 2053 symptoma,
695 1962 918 2052 naturaeque
934 1941 1052 2022 rebus
1065 1971 1150 2026 non
1167 1973 1221 2027 ra-

336 2075 384 2158 ru
410 2055 576 2135 maxime
597 2054 844 2135 conveniens.
898 2057 1093 2161 Purgatur
1117 2055 1219 2138 enim

336 2164 389 2241 'eo
419 2187 570 2270 corpus,
598 2173 640 2249 δι
668 2162 775 2273 quod
795 2163 896 2243 intus
920 2160 1098 2244 laesurum
1125 2186 1221 2267 erat,

335 2273 506 2379 tempori
529 2272 676 2356 utiliter
698 2273 874 2355 exartum
896 2271 964 2351 est.
1020 2272 1220 2382 Qamdiu

334 2407 386 2463 eu
413 2382 488 2465 loci
518 2410 579 2465 res
603 2383 663 2486 fit,
692 2383 809 2465 Alvus
835 2379 873 2462 se
896 2405 1112 2463 exonerare
1136 2410 1220 2492 per·

333 2493 538 2576 mittatur:
566 2520 685 2575 unum
714 2491 810 2574 illud
840 2489 1141 2594 attendendum,
1170 2521 1218 2578 ne

334 2602 448 2684 nimis
470 2602 713 2686 excurrendo
726 2597 912 2684 Diarrhoea
926 2599 1026 2682 vires
1041 2628 1076 2681 ae
1107 2602 1137 2683 ri
1153 2603 1216 2685 de-

335 2701 439 2792 ¹terat
457 2724 498 2797 ἅτ
513 2713 726 2798 consumat.
782 2709 905 2816 Hujus
930 2631 1118 2819 siquamio
1136 2709 1216 2794 fue·

333 2819 621 2927 ritpericulum‚
648 2819 695 2902 iis
708 2819 895 2903 utendum
907 2820 964 2901 est
977 2822 1074 2927 (tum
1094 2822 1219 2905 Medi·

333 2929 535 3033 camentis,
549 2950 632 3010 tum
647 2929 791 3039 Diaeta)
805 2953 890 3040 quae
905 2928 1045 3011 Alvum
1062 2954 1219 3014 contra·

332 3029 449 3136 hant:
479 3064 665 3146 quaecum
679 3037 814 3119 eadem
829 3037 1132 3124 acinDiurrboea
1145 3044 1218 3125 fint

331 3145 529 3270 jeiquifita,
540 3173 675 3229 eorum
687 3147 975 3230 enumerationi
987 3153 1217 3260 praeceptio-

325 3285 450 3365 ¹mque
464 3256 587 3340 nullus
599 3257 786 3355 insistam
808 3253 989 3338 medendi
1006 3259 1123 3367 viam,
1135 3285 1218 3344 tan·

330 3394 445 3486 guam
459 3367 598 3493 digito,
625 3370 836 3458 monstrare
853 3387 1075 3455 contentus,

1004 3650 1038 3684 ⁷
1129 3702 1217 3779 HI-
