<?xml version="1.0" encoding="UTF-8"?>
<!DOCTYPE html PUBLIC "-//W3C//DTD XHTML 1.0 Transitional//EN"
    "http://www.w3.org/TR/xhtml1/DTD/xhtml1-transitional.dtd">
<html xmlns="http://www.w3.org/1999/xhtml" xml:lang="en" lang="en">
 <head>
  <title>
</title>
<meta http-equiv="Content-Type" content="text/html;charset=utf-8" />
  <meta name='ocr-system' content='tesseract 3.04.00' />
  <meta name='ocr-capabilities' content='ocr_page ocr_carea ocr_par ocr_line ocrx_word'/>
</head>
<body>
  <div class='ocr_page' id='page_1' title='image "./dearthritidepri00musggoog_0192.png"; bbox 0 0 2550 4336; ppageno 0'>
   <div class='ocr_carea' id='block_1_1' title="bbox 449 293 1145 435">
    <p class='ocr_par' dir='ltr' id='par_1_1' title="bbox 449 293 1145 435">
     <span class='ocr_line' id='line_1_1' title="bbox 449 293 1145 435; baseline 0.009 -37"><span class='ocrx_word' id='word_1_1' title='bbox 449 293 680 434; x_wconf 72' lang='lat' dir='ltr'><strong>Historia.</strong></span> <span class='ocrx_word' id='word_1_2' title='bbox 1050 305 1145 435; x_wconf 87' lang='lat'><strong>169</strong></span> 
     </span>
    </p>
   </div>
   <div class='ocr_carea' id='block_1_2' title="bbox 116 463 1030 2653">
    <p class='ocr_par' dir='ltr' id='par_1_2' title="bbox 119 463 1030 573">
     <span class='ocr_line' id='line_1_2' title="bbox 119 463 1030 573; baseline 0.015 -30"><span class='ocrx_word' id='word_1_3' title='bbox 119 481 204 545; x_wconf 91' lang='lat' dir='ltr'><strong>tam</strong></span> <span class='ocrx_word' id='word_1_4' title='bbox 223 499 231 543; x_wconf 77' lang='grc' dir='ltr'><strong><em>ε</em></strong></span> <span class='ocrx_word' id='word_1_5' title='bbox 262 465 499 549; x_wconf 71' lang='lat' dir='ltr'><strong>econtrario</strong></span> <span class='ocrx_word' id='word_1_6' title='bbox 515 463 730 550; x_wconf 77' lang='lat' dir='ltr'><strong>Arebritidis</strong></span> <span class='ocrx_word' id='word_1_7' title='bbox 745 463 910 573; x_wconf 69' lang='lat' dir='ltr'><strong>speciem</strong></span> <span class='ocrx_word' id='word_1_8' title='bbox 926 472 1003 556; x_wconf 85' lang='lat' dir='ltr'><strong>effe</strong></span> <span class='ocrx_word' id='word_1_9' title='bbox 1027 490 1030 496; x_wconf 81' lang='grc'><strong>’</strong></span> 
     </span>
    </p>

    <p class='ocr_par' dir='ltr' id='par_1_3' title="bbox 118 575 1017 1009">
     <span class='ocr_line' id='line_1_3' title="bbox 151 575 1004 683; baseline 0.014 -29"><span class='ocrx_word' id='word_1_10' title='bbox 151 575 348 678; x_wconf 87' lang='lat' dir='ltr'><strong>enuinam,</strong></span> <span class='ocrx_word' id='word_1_11' title='bbox 364 575 432 657; x_wconf 84' lang='lat' dir='ltr'><strong>luo</strong></span> <span class='ocrx_word' id='word_1_12' title='bbox 448 597 626 681; x_wconf 82' lang='lat' dir='ltr'><strong>ternpore</strong></span> <span class='ocrx_word' id='word_1_13' title='bbox 638 595 914 683; x_wconf 83' lang='lat' dir='ltr'><strong>revertentem,</strong></span> <span class='ocrx_word' id='word_1_14' title='bbox 931 582 1004 666; x_wconf 87' lang='lat' dir='ltr'><strong>suis</strong></span> 
     </span>
     <span class='ocr_line' id='line_1_4' title="bbox 120 602 1007 795; baseline 0.012 -32"><span class='ocrx_word' id='word_1_15' title='bbox 120 602 446 790; x_wconf 69' lang='lat' dir='ltr'><strong>iymptomatibus</strong></span> <span class='ocrx_word' id='word_1_16' title='bbox 466 685 658 791; x_wconf 87' lang='lat' dir='ltr'><strong>stipatam,</strong></span> <span class='ocrx_word' id='word_1_17' title='bbox 685 706 917 795; x_wconf 87' lang='lat' dir='ltr'><strong>argumento</strong></span> <span class='ocrx_word' id='word_1_18' title='bbox 933 694 1007 774; x_wconf 90' lang='lat' dir='ltr'><strong>uti-</strong></span> 
     </span>
     <span class='ocr_line' id='line_1_5' title="bbox 119 794 1017 906; baseline 0.017 -33"><span class='ocrx_word' id='word_1_19' title='bbox 119 821 200 901; x_wconf 91' lang='lat' dir='ltr'><strong>que</strong></span> <span class='ocrx_word' id='word_1_20' title='bbox 219 794 429 877; x_wconf 86' lang='lat' dir='ltr'><strong>firmiffimo</strong></span> <span class='ocrx_word' id='word_1_21' title='bbox 437 797 518 906; x_wconf 85' lang='lat' dir='ltr'><strong>jam</strong></span> <span class='ocrx_word' id='word_1_22' title='bbox 538 794 686 901; x_wconf 87' lang='lat' dir='ltr'><strong>pridem</strong></span> <span class='ocrx_word' id='word_1_23' title='bbox 704 818 850 878; x_wconf 87' lang='lat' dir='ltr'>memet</span> <span class='ocrx_word' id='word_1_24' title='bbox 871 796 1017 906; x_wconf 15' lang='lat' dir='ltr'><strong>docuit*</strong></span> 
     </span>
     <span class='ocr_line' id='line_1_6' title="bbox 118 928 375 1009; baseline 0.019 -28"><span class='ocrx_word' id='word_1_25' title='bbox 118 928 375 1009; x_wconf 77' lang='lat' dir='ltr'><strong>experientia.</strong></span> 
     </span>
    </p>

    <p class='ocr_par' dir='ltr' id='par_1_4' title="bbox 116 1015 1008 2110">
     <span class='ocr_line' id='line_1_7' title="bbox 177 1015 1005 1129; baseline 0.011 -36"><span class='ocrx_word' id='word_1_26' title='bbox 177 1018 516 1098; x_wconf 85' lang='lat' dir='ltr'>MATRONA</span> <span class='ocrx_word' id='word_1_27' title='bbox 538 1015 714 1125; x_wconf 84' lang='lat' dir='ltr'><strong>quaedam</strong></span> <span class='ocrx_word' id='word_1_28' title='bbox 735 1020 871 1122; x_wconf 75' lang='lat' dir='ltr'><strong>Ismara,</strong></span> <span class='ocrx_word' id='word_1_29' title='bbox 896 1019 1005 1129; x_wconf 93' lang='lat' dir='ltr'><strong>quod</strong></span> 
     </span>
     <span class='ocr_line' id='line_1_8' title="bbox 121 1125 1005 1235; baseline 0.008 -31"><span class='ocrx_word' id='word_1_30' title='bbox 121 1131 145 1204; x_wconf 78' lang='lat' dir='ltr'><strong>a</strong></span> <span class='ocrx_word' id='word_1_31' title='bbox 165 1125 307 1202; x_wconf 86' lang='lat' dir='ltr'><strong>marito</strong></span> <span class='ocrx_word' id='word_1_32' title='bbox 327 1125 504 1206; x_wconf 83' lang='lat' dir='ltr'><strong>familiari</strong></span> <span class='ocrx_word' id='word_1_33' title='bbox 520 1151 623 1225; x_wconf 92' lang='lat' dir='ltr'><strong>meo,</strong></span> <span class='ocrx_word' id='word_1_34' title='bbox 652 1128 917 1209; x_wconf 87' lang='lat' dir='ltr'><strong>renunciatum</strong></span> <span class='ocrx_word' id='word_1_35' title='bbox 935 1130 1005 1235; x_wconf 82' lang='lat' dir='ltr'><strong>est,</strong></span> 
     </span>
     <span class='ocr_line' id='line_1_9' title="bbox 121 1234 1004 1346; baseline 0.008 -34"><span class='ocrx_word' id='word_1_36' title='bbox 121 1263 200 1312; x_wconf 81' lang='lat' dir='ltr'><strong>cum</strong></span> <span class='ocrx_word' id='word_1_37' title='bbox 217 1234 328 1315; x_wconf 84' lang='lat' dir='ltr'><strong>tribus</strong></span> <span class='ocrx_word' id='word_1_38' title='bbox 349 1234 421 1346; x_wconf 83' lang='lat' dir='ltr'><strong>ejus</strong></span> <span class='ocrx_word' id='word_1_39' title='bbox 444 1234 624 1338; x_wconf 54' lang='lat' dir='ltr'><strong>moribus,</strong></span> <span class='ocrx_word' id='word_1_40' title='bbox 652 1255 744 1315; x_wconf 91' lang='lat' dir='ltr'><strong>ante</strong></span> <span class='ocrx_word' id='word_1_41' title='bbox 769 1237 1004 1346; x_wconf 78' lang='lat' dir='ltr'><strong>trigesimum</strong></span> 
     </span>
     <span class='ocr_line' id='line_1_10' title="bbox 121 1343 1007 1454; baseline 0.008 -34"><span class='ocrx_word' id='word_1_42' title='bbox 121 1343 252 1423; x_wconf 79' lang='lat' dir='ltr'><strong>aetatis</strong></span> <span class='ocrx_word' id='word_1_43' title='bbox 282 1372 438 1450; x_wconf 84' lang='lat' dir='ltr'><strong>annum,</strong></span> <span class='ocrx_word' id='word_1_44' title='bbox 467 1345 629 1426; x_wconf 83' lang='lat' dir='ltr'><strong>Homeri</strong></span> <span class='ocrx_word' id='word_1_45' title='bbox 652 1345 803 1426; x_wconf 91' lang='lat' dir='ltr'><strong>Dolore</strong></span> <span class='ocrx_word' id='word_1_46' title='bbox 825 1366 1007 1454; x_wconf 87' lang='lat' dir='ltr'><strong>correpta</strong></span> 
     </span>
     <span class='ocr_line' id='line_1_11' title="bbox 121 1451 1005 1563; baseline 0.011 -35"><span class='ocrx_word' id='word_1_47' title='bbox 121 1451 193 1555; x_wconf 87' lang='lat' dir='ltr'><strong>est,</strong></span> <span class='ocrx_word' id='word_1_48' title='bbox 224 1455 288 1561; x_wconf 90' lang='lat' dir='ltr'><strong>qui</strong></span> <span class='ocrx_word' id='word_1_49' title='bbox 302 1455 419 1560; x_wconf 90' lang='lat' dir='ltr'><strong>paulo</strong></span> <span class='ocrx_word' id='word_1_50' title='bbox 433 1455 519 1562; x_wconf 92' lang='lat' dir='ltr'><strong>post</strong></span> <span class='ocrx_word' id='word_1_51' title='bbox 535 1453 575 1535; x_wconf 91' lang='lat' dir='ltr'><strong>in</strong></span> <span class='ocrx_word' id='word_1_52' title='bbox 591 1454 793 1563; x_wconf 72' lang='lat' dir='ltr'><strong>chiragram</strong></span> <span class='ocrx_word' id='word_1_53' title='bbox 810 1456 871 1535; x_wconf 89' lang='lat' dir='ltr'><strong>vel</strong></span> <span class='ocrx_word' id='word_1_54' title='bbox 888 1457 1005 1538; x_wconf 83' lang='lat' dir='ltr'><strong>Poda-</strong></span> 
     </span>
     <span class='ocr_line' id='line_1_12' title="bbox 116 1565 1007 1675; baseline 0.006 -34"><span class='ocrx_word' id='word_1_55' title='bbox 116 1589 225 1667; x_wconf 84' lang='lat' dir='ltr'><strong>gram</strong></span> <span class='ocrx_word' id='word_1_56' title='bbox 245 1567 282 1642; x_wconf 77' lang='lat' dir='ltr'><strong>in</strong></span> <span class='ocrx_word' id='word_1_57' title='bbox 301 1595 420 1643; x_wconf 75' lang='lat' dir='ltr'><strong>aarum</strong></span> <span class='ocrx_word' id='word_1_58' title='bbox 435 1567 578 1675; x_wconf 77' lang='lat' dir='ltr'><strong>stragulis</strong></span> <span class='ocrx_word' id='word_1_59' title='bbox 604 1583 772 1643; x_wconf 89' lang='lat' dir='ltr'><strong>mutatus</strong></span> <span class='ocrx_word' id='word_1_60' title='bbox 788 1565 856 1667; x_wconf 82' lang='lat' dir='ltr'><strong>est,</strong></span> <span class='ocrx_word' id='word_1_61' title='bbox 883 1578 923 1646; x_wconf 75' lang='grc' dir='ltr'><strong>ὅτ</strong></span> <span class='ocrx_word' id='word_1_62' title='bbox 952 1565 1007 1646; x_wconf 89' lang='lat' dir='ltr'><strong>af·</strong></span> 
     </span>
     <span class='ocr_line' id='line_1_13' title="bbox 122 1669 1006 1782; baseline 0 -30"><span class='ocrx_word' id='word_1_63' title='bbox 122 1669 272 1753; x_wconf 72' lang='lat' dir='ltr'><strong>sedium</strong></span> <span class='ocrx_word' id='word_1_64' title='bbox 302 1673 412 1754; x_wconf 90' lang='lat' dir='ltr'><strong>istum</strong></span> <span class='ocrx_word' id='word_1_65' title='bbox 436 1675 600 1782; x_wconf 56' lang='lat' dir='ltr'><strong>dnayguv</strong></span> <span class='ocrx_word' id='word_1_66' title='bbox 627 1673 701 1752; x_wconf 83' lang='lat' dir='ltr'><strong>effe</strong></span> <span class='ocrx_word' id='word_1_67' title='bbox 726 1674 1006 1778; x_wconf 89' lang='lat' dir='ltr'><strong>comprobavit.</strong></span> 
     </span>
     <span class='ocr_line' id='line_1_14' title="bbox 123 1780 1008 1891; baseline 0 -27"><span class='ocrx_word' id='word_1_68' title='bbox 123 1789 226 1864; x_wconf 90' lang='lat' dir='ltr'><strong>Haec</strong></span> <span class='ocrx_word' id='word_1_69' title='bbox 241 1805 370 1862; x_wconf 91' lang='lat' dir='ltr'><strong>autem</strong></span> <span class='ocrx_word' id='word_1_70' title='bbox 384 1792 568 1864; x_wconf 86' lang='lat' dir='ltr'><strong>Matrona</strong></span> <span class='ocrx_word' id='word_1_71' title='bbox 580 1780 723 1891; x_wconf 83' lang='lat' dir='ltr'><strong>digitos</strong></span> <span class='ocrx_word' id='word_1_72' title='bbox 738 1782 856 1862; x_wconf 86' lang='lat' dir='ltr'><strong>habet</strong></span> <span class='ocrx_word' id='word_1_73' title='bbox 872 1783 1008 1890; x_wconf 91' lang='lat' dir='ltr'><strong>distor-</strong></span> 
     </span>
     <span class='ocr_line' id='line_1_15' title="bbox 124 1890 1007 1992; baseline 0.006 -21"><span class='ocrx_word' id='word_1_74' title='bbox 124 1913 206 1992; x_wconf 88' lang='lat' dir='ltr'><strong>tos,</strong></span> <span class='ocrx_word' id='word_1_75' title='bbox 234 1893 414 1973; x_wconf 89' lang='lat' dir='ltr'><strong>articulos</strong></span> <span class='ocrx_word' id='word_1_76' title='bbox 437 1890 548 1973; x_wconf 86' lang='lat' dir='ltr'><strong>Tofis</strong></span> <span class='ocrx_word' id='word_1_77' title='bbox 576 1895 755 1992; x_wconf 74' lang='lat' dir='ltr'><strong>refertos,</strong></span> <span class='ocrx_word' id='word_1_78' title='bbox 791 1914 832 1971; x_wconf 91' lang='lat' dir='ltr'><strong>ut</strong></span> <span class='ocrx_word' id='word_1_79' title='bbox 857 1892 905 1972; x_wconf 91' lang='lat' dir='ltr'><strong>de</strong></span> <span class='ocrx_word' id='word_1_80' title='bbox 935 1898 1007 1976; x_wconf 91' lang='lat' dir='ltr'><strong>Ar·</strong></span> 
     </span>
     <span class='ocr_line' id='line_1_16' title="bbox 122 2000 864 2110; baseline -0.001 -28"><span class='ocrx_word' id='word_1_81' title='bbox 122 2002 273 2083; x_wconf 78' lang='lat' dir='ltr'><strong>thritide</strong></span> <span class='ocrx_word' id='word_1_82' title='bbox 290 2030 338 2082; x_wconf 92' lang='lat' dir='ltr'><strong>ne</strong></span> <span class='ocrx_word' id='word_1_83' title='bbox 363 2005 424 2082; x_wconf 91' lang='lat' dir='ltr'><strong>vel</strong></span> <span class='ocrx_word' id='word_1_84' title='bbox 443 2000 664 2110; x_wconf 85' lang='lat' dir='ltr'><strong>ambigendi</strong></span> <span class='ocrx_word' id='word_1_85' title='bbox 684 2000 789 2083; x_wconf 90' lang='lat' dir='ltr'><strong>locus</strong></span> <span class='ocrx_word' id='word_1_86' title='bbox 807 2001 864 2082; x_wconf 86' lang='lat' dir='ltr'><strong>fit.</strong></span> 
     </span>
    </p>

    <p class='ocr_par' dir='ltr' id='par_1_5' title="bbox 123 2110 1009 2653">
     <span class='ocr_line' id='line_1_17' title="bbox 182 2110 1008 2220; baseline 0.005 -30"><span class='ocrx_word' id='word_1_87' title='bbox 182 2113 271 2197; x_wconf 93' lang='lat' dir='ltr'><strong>CO</strong></span> <span class='ocrx_word' id='word_1_88' title='bbox 281 2117 322 2194; x_wconf 95' lang='lat' dir='ltr'>N</span> <span class='ocrx_word' id='word_1_89' title='bbox 332 2114 370 2192; x_wconf 92' lang='lat' dir='ltr'>T</span> <span class='ocrx_word' id='word_1_90' title='bbox 381 2117 420 2196; x_wconf 93' lang='lat' dir='ltr'>R</span> <span class='ocrx_word' id='word_1_91' title='bbox 433 2118 468 2192; x_wconf 88' lang='grc' dir='ltr'>Α</span> <span class='ocrx_word' id='word_1_92' title='bbox 482 2111 581 2192; x_wconf 87' lang='lat' dir='ltr'><strong>hanc</strong></span> <span class='ocrx_word' id='word_1_93' title='bbox 591 2110 880 2216; x_wconf 76' lang='lat' dir='ltr'><strong>Artbritida‚cui</strong></span> <span class='ocrx_word' id='word_1_94' title='bbox 893 2112 1008 2220; x_wconf 62' lang='lat' dir='ltr'><strong>Rheae</strong></span> 
     </span>
     <span class='ocr_line' id='line_1_18' title="bbox 125 2222 1008 2330; baseline 0.003 -30"><span class='ocrx_word' id='word_1_95' title='bbox 125 2223 282 2328; x_wconf 76' lang='lat' dir='ltr'><strong>matismi</strong></span> <span class='ocrx_word' id='word_1_96' title='bbox 307 2249 451 2302; x_wconf 92' lang='lat' dir='ltr'><strong>nomen</strong></span> <span class='ocrx_word' id='word_1_97' title='bbox 475 2243 638 2328; x_wconf 88' lang='lat' dir='ltr'><strong>propter</strong></span> <span class='ocrx_word' id='word_1_98' title='bbox 661 2222 742 2328; x_wconf 85' lang='lat' dir='ltr'><strong>ejus</strong></span> <span class='ocrx_word' id='word_1_99' title='bbox 768 2223 1008 2330; x_wconf 82' lang='lat' dir='ltr'><strong>vagationes,</strong></span> 
     </span>
     <span class='ocr_line' id='line_1_19' title="bbox 124 2326 1006 2438; baseline 0 -29"><span class='ocrx_word' id='word_1_100' title='bbox 124 2330 349 2436; x_wconf 84' lang='lat' dir='ltr'><strong>impofitum</strong></span> <span class='ocrx_word' id='word_1_101' title='bbox 377 2333 445 2433; x_wconf 89' lang='lat' dir='ltr'><strong>est,</strong></span> <span class='ocrx_word' id='word_1_102' title='bbox 473 2358 580 2413; x_wconf 87' lang='lat' dir='ltr'><strong>venae</strong></span> <span class='ocrx_word' id='word_1_103' title='bbox 605 2326 773 2410; x_wconf 71' lang='lat' dir='ltr'><strong>sestione</strong></span> <span class='ocrx_word' id='word_1_104' title='bbox 798 2331 897 2438; x_wconf 78' lang='lat' dir='ltr'><strong>liepe</strong></span> <span class='ocrx_word' id='word_1_105' title='bbox 922 2333 1006 2410; x_wconf 85' lang='lat' dir='ltr'><strong>san-</strong></span> 
     </span>
     <span class='ocr_line' id='line_1_20' title="bbox 124 2439 1009 2549; baseline 0.006 -32"><span class='ocrx_word' id='word_1_106' title='bbox 124 2441 288 2548; x_wconf 84' lang='lat' dir='ltr'><strong>guinem</strong></span> <span class='ocrx_word' id='word_1_107' title='bbox 310 2440 422 2544; x_wconf 85' lang='lat' dir='ltr'><strong>mifit,</strong></span> <span class='ocrx_word' id='word_1_108' title='bbox 447 2467 532 2549; x_wconf 86' lang='lat' dir='ltr'><strong>quae</strong></span> <span class='ocrx_word' id='word_1_109' title='bbox 556 2439 756 2520; x_wconf 87' lang='lat' dir='ltr'><strong>materiam</strong></span> <span class='ocrx_word' id='word_1_110' title='bbox 782 2439 916 2522; x_wconf 80' lang='lat' dir='ltr'><strong>retufit</strong></span> <span class='ocrx_word' id='word_1_111' title='bbox 937 2445 1009 2522; x_wconf 84' lang='lat' dir='ltr'><strong>Ar·</strong></span> 
     </span>
     <span class='ocr_line' id='line_1_21' title="bbox 123 2547 798 2653; baseline -0.001 -22"><span class='ocrx_word' id='word_1_112' title='bbox 123 2548 322 2653; x_wconf 67' lang='lat' dir='ltr'><strong>tintinant,</strong></span> <span class='ocrx_word' id='word_1_113' title='bbox 355 2551 513 2633; x_wconf 88' lang='lat' dir='ltr'><strong>minime</strong></span> <span class='ocrx_word' id='word_1_114' title='bbox 531 2576 626 2633; x_wconf 87' lang='lat' dir='ltr'><strong>vero</strong></span> <span class='ocrx_word' id='word_1_115' title='bbox 645 2547 798 2630; x_wconf 88' lang='lat' dir='ltr'><strong>sustulit.</strong></span> 
     </span>
    </p>
   </div>
   <div class='ocr_carea' id='block_1_3' title="bbox 315 2777 822 3061">
    <p class='ocr_par' dir='ltr' id='par_1_6' title="bbox 315 2777 822 3061">
     <span class='ocr_line' id='line_1_22' title="bbox 408 2777 734 2877; baseline -0.006 -3"><span class='ocrx_word' id='word_1_116' title='bbox 408 2777 459 2874; x_wconf 94' lang='lat' dir='ltr'>H</span> <span class='ocrx_word' id='word_1_117' title='bbox 479 2777 500 2872; x_wconf 96' lang='lat' dir='ltr'><strong>l</strong></span> <span class='ocrx_word' id='word_1_118' title='bbox 521 2778 553 2875; x_wconf 90' lang='lat' dir='ltr'>S</span> <span class='ocrx_word' id='word_1_119' title='bbox 572 2777 627 2874; x_wconf 91' lang='lat' dir='ltr'><strong>T.</strong></span> <span class='ocrx_word' id='word_1_120' title='bbox 674 2779 734 2877; x_wconf 88' lang='lat' dir='ltr'><strong>V.</strong></span> 
     </span>
     <span class='ocr_line' id='line_1_23' title="bbox 315 2922 822 3061; baseline 0.02 -41"><span class='ocrx_word' id='word_1_121' title='bbox 315 2922 502 3061; x_wconf 81' lang='lat' dir='ltr'><strong>Jschias</strong></span> <span class='ocrx_word' id='word_1_122' title='bbox 524 2925 822 3030; x_wconf 78' lang='lat' dir='ltr'><strong>Arthritica.</strong></span> 
     </span>
    </p>
   </div>
   <div class='ocr_carea' id='block_1_4' title="bbox 128 3096 1018 3856">
    <p class='ocr_par' dir='ltr' id='par_1_7' title="bbox 128 3096 1017 3729">
     <span class='ocr_line' id='line_1_24' title="bbox 188 3096 1013 3183; baseline -0.002 -3"><span class='ocrx_word' id='word_1_123' title='bbox 188 3099 625 3183; x_wconf 86' lang='lat' dir='ltr'>ADVOCATUS</span> <span class='ocrx_word' id='word_1_124' title='bbox 656 3101 698 3181; x_wconf 91' lang='lat' dir='ltr'><strong>in</strong></span> <span class='ocrx_word' id='word_1_125' title='bbox 728 3098 868 3182; x_wconf 88' lang='lat' dir='ltr'><strong>vicinia</strong></span> <span class='ocrx_word' id='word_1_126' title='bbox 898 3096 1013 3179; x_wconf 81' lang='lat' dir='ltr'><strong>Cereri</strong></span> 
     </span>
     <span class='ocr_line' id='line_1_25' title="bbox 128 3206 1014 3317; baseline -0.003 -29"><span class='ocrx_word' id='word_1_127' title='bbox 128 3213 174 3288; x_wconf 87' lang='lat'>&amp;</span> <span class='ocrx_word' id='word_1_128' title='bbox 203 3207 334 3289; x_wconf 79' lang='lat' dir='ltr'><strong>Baccho</strong></span> <span class='ocrx_word' id='word_1_129' title='bbox 360 3209 558 3317; x_wconf 89' lang='lat' dir='ltr'><strong>permultis</strong></span> <span class='ocrx_word' id='word_1_130' title='bbox 576 3209 687 3288; x_wconf 88' lang='lat' dir='ltr'><strong>annis</strong></span> <span class='ocrx_word' id='word_1_131' title='bbox 711 3206 936 3305; x_wconf 78' lang='lat' dir='ltr'><strong>laetificans,</strong></span> <span class='ocrx_word' id='word_1_132' title='bbox 963 3230 1014 3285; x_wconf 87' lang='lat' dir='ltr'><strong>ae-</strong></span> 
     </span>
     <span class='ocr_line' id='line_1_26' title="bbox 132 3313 1017 3423; baseline 0.002 -28"><span class='ocrx_word' id='word_1_133' title='bbox 132 3317 227 3397; x_wconf 88' lang='lat' dir='ltr'><strong>tatis</strong></span> <span class='ocrx_word' id='word_1_134' title='bbox 245 3317 374 3397; x_wconf 88' lang='lat' dir='ltr'><strong>medio</strong></span> <span class='ocrx_word' id='word_1_135' title='bbox 391 3317 547 3400; x_wconf 72' lang='lat' dir='ltr'><strong>luxuriae</strong></span> <span class='ocrx_word' id='word_1_136' title='bbox 569 3343 698 3423; x_wconf 85' lang='lat' dir='ltr'><strong>paenas</strong></span> <span class='ocrx_word' id='word_1_137' title='bbox 716 3315 843 3416; x_wconf 84' lang='lat' dir='ltr'><strong>subiit,</strong></span> <span class='ocrx_word' id='word_1_138' title='bbox 870 3313 1017 3397; x_wconf 77' lang='lat' dir='ltr'><strong>Andri-</strong></span> 
     </span>
     <span class='ocr_line' id='line_1_27' title="bbox 130 3424 1016 3532; baseline 0.001 -27"><span class='ocrx_word' id='word_1_139' title='bbox 130 3427 206 3505; x_wconf 84' lang='lat' dir='ltr'><strong>tide</strong></span> <span class='ocrx_word' id='word_1_140' title='bbox 228 3449 447 3532; x_wconf 88' lang='lat' dir='ltr'><strong>correptus:</strong></span> <span class='ocrx_word' id='word_1_141' title='bbox 488 3453 579 3508; x_wconf 87' lang='lat' dir='ltr'><strong>vere</strong></span> <span class='ocrx_word' id='word_1_142' title='bbox 607 3424 698 3507; x_wconf 87' lang='lat' dir='ltr'><strong>anni</strong></span> <span class='ocrx_word' id='word_1_143' title='bbox 733 3435 845 3528; x_wconf 89' lang='lat'>1708,</span> <span class='ocrx_word' id='word_1_144' title='bbox 878 3426 1016 3531; x_wconf 65' lang='lat' dir='ltr'><strong>peetus</strong></span> 
     </span>
     <span class='ocr_line' id='line_1_28' title="bbox 130 3535 1015 3645; baseline 0.001 -32"><span class='ocrx_word' id='word_1_145' title='bbox 130 3535 311 3616; x_wconf 84' lang='lat' dir='ltr'><strong>adoritur</strong></span> <span class='ocrx_word' id='word_1_146' title='bbox 333 3535 495 3618; x_wconf 87' lang='lat' dir='ltr'><strong>materia</strong></span> <span class='ocrx_word' id='word_1_147' title='bbox 510 3537 614 3645; x_wconf 66' lang='lat' dir='ltr'><strong>arnapi,</strong></span> <span class='ocrx_word' id='word_1_148' title='bbox 644 3547 684 3618; x_wconf 91' lang='lat'>&amp;</span> <span class='ocrx_word' id='word_1_149' title='bbox 704 3535 843 3616; x_wconf 86' lang='lat' dir='ltr'><strong>exinde</strong></span> <span class='ocrx_word' id='word_1_150' title='bbox 861 3558 1015 3643; x_wconf 88' lang='lat' dir='ltr'><strong>protur-</strong></span> 
     </span>
     <span class='ocr_line' id='line_1_29' title="bbox 128 3645 1016 3729; baseline -0.002 -5"><span class='ocrx_word' id='word_1_151' title='bbox 128 3648 226 3724; x_wconf 85' lang='lat' dir='ltr'><strong>bata</strong></span> <span class='ocrx_word' id='word_1_152' title='bbox 243 3647 325 3726; x_wconf 74' lang='lat' dir='ltr'><strong>lan-i</strong></span> <span class='ocrx_word' id='word_1_153' title='bbox 349 3645 478 3727; x_wconf 83' lang='lat' dir='ltr'><strong>lateris</strong></span> <span class='ocrx_word' id='word_1_154' title='bbox 502 3645 751 3729; x_wconf 84' lang='lat' dir='ltr'><strong>coxendicem</strong></span> <span class='ocrx_word' id='word_1_155' title='bbox 775 3645 913 3726; x_wconf 91' lang='lat' dir='ltr'><strong>dolore</strong></span> <span class='ocrx_word' id='word_1_156' title='bbox 933 3664 1016 3722; x_wconf 85' lang='lat' dir='ltr'><strong>tarn</strong></span> 
     </span>
    </p>

    <p class='ocr_par' dir='ltr' id='par_1_8' title="bbox 888 3772 1018 3856">
     <span class='ocr_line' id='line_1_30' title="bbox 888 3772 1018 3856; baseline 0 -23"><span class='ocrx_word' id='word_1_157' title='bbox 888 3772 1018 3856; x_wconf 86' lang='lat' dir='ltr'><strong>acuto,</strong></span> 
     </span>
    </p>
   </div>
   <div class='ocr_carea' id='block_1_5' title="bbox 0 0 1280 4336">
    <p class='ocr_par' dir='ltr' id='par_1_9' title="bbox 0 0 1280 4336">
     <span class='ocr_line' id='line_1_31' title="bbox 0 0 1280 4336; baseline 0 1"><span class='ocrx_word' id='word_1_158' title='bbox 0 0 1280 4336; x_wconf 95' lang='lat' dir='ltr'><strong> </strong></span> 
     </span>
    </p>
   </div>
  </div>
 </body>
</html>
