2550 4336
122 284 219 386 160

575 271 806 412 Historia.

254 467 353 546 cem,
380 451 421 525 &
450 443 490 525 in
516 437 613 524 facie
638 441 821 543 colorem,
849 461 889 523 at
917 468 939 522 a
969 441 1132 552 Frigore

255 550 352 661 pati,
378 571 460 634 uta
476 551 619 635 teneris
632 551 740 634 annis
756 548 884 632 suevit.

311 774 524 854 ALIAM
545 771 636 850 novi
656 769 867 874 mulierem,
893 793 992 877 quae,
1021 788 1067 848 ut
1087 769 1134 849 ab

254 877 336 987 ipsa
361 878 503 985 accepi,
534 903 619 958 cum
645 878 782 958 sexties
808 877 946 983 septies
974 904 1133 995 pepere-

254 1008 329 1090 rat,
358 988 443 1094 post
461 1011 618 1067 omnem
638 1006 791 1094 partum
811 985 1044 1087 Paroxylmo
1062 987 1133 1069 sta·

254 1097 326 1175 tim
350 1095 545 1178 Arebritico
573 1114 752 1201 correpta
778 1095 852 1190 est;
891 1093 1006 1202 idque
1030 1097 1132 1178 nulla

252 1223 418 1315 urgente
445 1203 556 1287 causa
587 1202 788 1307 evidente,
815 1214 854 1286 &
884 1206 1134 1310 procatarotl-

255 1339 340 1395 cam
355 1334 550 1396 movente.
605 1320 695 1397 Hoc
708 1333 835 1394 autem
853 1312 942 1394 ideo
957 1313 1043 1394 fieri
1058 1315 1141 1419 eni·¹

255 1423 381 1522 stimo,
409 1424 590 1532 quoniam
620 1422 835 1504 Arabritidis
864 1424 1068 1504 materiam
1095 1426 1132 1507 in

254 1531 438 1642 sanguine
463 1529 528 1613 diu
547 1533 748 1635 latentem,
780 1557 909 1613 verum
932 1537 945 1628 (
957 1532 1016 1613 uti
1039 1534 1133 1614 non·

255 1668 451 1750 nunquam
479 1669 502 1720 a
530 1640 763 1744 vomitione)
793 1641 833 1722 in
859 1639 1132 1744 Paroxysmum

220 1785 224 1793 ·
255 1746 393 1837 blasae
413 1749 618 1832 excitatam
634 1748 780 1831 habuit.

317 1865 529 1943 ALIAM
561 1886 680 1967 porro
712 1858 868 1958 notavi,
937 1885 995 1939 uae
1032 1857 1132 1940 intra

253 1965 425 2050 mensem
450 1997 472 2048 a
492 1970 697 2076 puerperio
713 1967 892 2050 Articulis
908 1887 1013 2074 (saepe
1029 1967 1132 2049 labo

254 2077 367 2177 ravit,
393 2075 529 2157 eadem
546 2074 799 2183 proculdubio
816 2075 864 2156 de
880 2076 1017 2157 Causa.

308 2185 646 2296 QJARTAM
693 2185 893 2269 observavi
933 2185 1132 2267 mulierem

254 2288 478 2401 formosam,
497 2294 563 2377 sed
586 2298 637 2403 (ut
654 2297 793 2404 miscens
809 2297 923 2377 omerio
942 2293 1008 2374 dat
1026 2298 1133 2404 Deus)

255 2403 396 2487 mirum
416 2409 455 2486 in
477 2404 637 2488 modum
656 2404 920 2512 inquinatam:
949 2423 1132 2511 quartum

248 2512 331 2621 jam
359 2515 552 2622 parturiit,
584 2541 670 2596 cum
694 2535 843 2597 artuum
862 2511 1041 2595 articulos
1063 2514 1133 2596 sta·

254 2623 327 2705 tim
353 2622 488 2706 invasit
510 2624 652 2729 Dolor,
675 2625 839 2707 Tumor.
888 2622 1132 2708 Ventriculus

253 2731 374 2814 etiam
398 2733 555 2816 affectus
578 2734 647 2837 est,
678 2733 891 2814 vomitione
918 2731 1054 2813 crebra
1079 2731 1132 2814 la·

253 2838 416 2922 ceffitus.
460 2842 574 2925 Nihil
589 2841 652 2923 hic
673 2841 878 2948 wodor&
893 2861 1036 2948 praeter
1050 2841 1132 2923 eni·

254 2973 324 3028 xus
351 2948 432 3056 jam
461 2949 610 3052 dictos,
644 2969 685 3030 at
713 2951 944 3053 wonvrnlvle
971 2950 1134 3034 nimium

253 3078 455 3165 quantum.
496 3059 598 3139 Cibo
610 3059 714 3138 enim
727 3056 822 3140 salso
837 3056 1134 3168 &seminudo

252 3164 482 3273 leolabatur,
504 3165 657 3281 ejusque
679 3167 746 3249 usu
771 3167 959 3273 pertinaci
982 3169 1133 3280 sangui·

252 3300 342 3356 nem
360 3278 496 3363 infecit
509 3279 623 3384 adeo,
639 3299 682 3359 ut
700 3277 861 3360 muriam
878 3275 1038 3381 diceres,
1048 3307 1130 3361 non

250 3383 548 3473 nutrimentum.
601 3393 750 3495 Aquam
776 3413 852 3496 ego
872 3386 1131 3494 Bathoaiensem

251 3496 639 3582 commedicamentis
651 3494 699 3576 ad
710 3496 932 3616 sanguinem
942 3495 981 3578 in
996 3497 1131 3581 melius

251 3601 492 3692 alterandum
506 3606 623 3717 aptis,
640 3603 809 3711 adhibui,
820 3604 1014 3717 quousque
1035 3620 1146 3689 vero

976 3741 1128 3800 morem
