2550 4336
122 269 220 374 126
323 377 325 380 .
391 266 589 374 Curatio
611 269 999 404 symptomatum.

245 431 452 548 pispassica:
496 432 705 514 Materiam
738 430 842 513 enim
870 448 1002 513 acrem
1033 425 1135 514 emit·

255 563 360 648 tunt,
379 553 420 625 ὅτ
439 570 463 623 a
483 540 714 644 Paroxylino
731 566 873 650 aegrum
898 567 1134 650 magnopere

255 670 428 735 tuentur.
483 655 580 734 Non
598 650 715 762 igitur
739 648 918 732 remediis
934 648 1090 757 semper
1102 677 1134 732 e·

255 783 375 950 penu
404 757 442 841 id
457 758 731 883 tantummodo
746 755 972 879 curandum,
999 779 1047 882 ut
1063 788 1132 883 rna·

272 898 335 952 um
366 895 516 950 morem
544 893 704 950 minime
733 895 778 952 ac
806 887 949 968 urrant,
978 895 1132 952 minime

120 994 124 1007 '
256 977 331 1059 smt
357 977 505 1063 nociva.
550 980 682 1092 Qm
709 976 750 1058 in
779 897 897 1058 inem
929 975 1132 1088 diligenter

256 1085 540 1169 attendendum
554 1088 623 1189 est,
645 1106 948 1187 excrementum,
968 1087 1080 1194 quod
1092 1114 1132 1170 es

255 1199 391 1283 Ulcere
405 1216 574 1299 emanat,
593 1196 706 1306 quale
729 1194 787 1280 sit.
842 1194 883 1276 si
894 1193 1041 1299 album,
1062 1225 1132 1280 me-

256 1303 330 1387 diae
360 1304 612 1388 confistentiae
641 1303 752 1407 illud,
775 1315 815 1387 &
837 1330 952 1412 quam
977 1305 1131 1391 minime

255 1412 440 1496 foetidum
457 1414 516 1517 sit,
540 1416 602 1495 vix
626 1413 729 1496 aliud
753 1410 860 1495 fastu
879 1439 993 1519 opus,
1022 1442 1130 1524 quam
1168 1413 1170 1417 ⁴

255 1543 299 1603 ut
315 1524 415 1630 saepe
442 1524 680 1635 abstergatur
705 1522 795 1627 hoc,
822 1519 1071 1624 emundetur,
1096 1537 1131 1608 δε

254 1631 306 1712 ab
326 1641 414 1718 aere
431 1629 673 1715 defendatur.
720 1633 787 1714 Sin
804 1653 937 1735 tenue,
965 1629 1130 1738 fluidum,

144 1801 147 1807 ‚
256 1741 429 1846 lividum,
442 1742 607 1853 malique
618 1741 750 1825 odoris
759 1739 926 1837 fitillud3
945 1738 1129 1824 fioffium

213 1916 217 1923 .
256 1851 426 1954 Cariem,
440 1850 763 1936 Putrefactionem
778 1849 930 1954 Carnis,
947 1847 1130 1932 erntem-

256 1960 405 2064 perlem
425 1961 640 2069 Sanguinis,
667 1981 732 2041 aut
748 1966 968 2056 Humorum
985 1960 1130 2042 Flusio·

255 2093 362 2171 nem,
391 2066 541 2149 aliudve
570 2067 732 2178 quodvis
761 2068 903 2150 malum
926 2069 1129 2152 comitetur

254 2174 629 2288 Ulcus‚Chirurgum
644 2176 813 2259 accerfiri
826 2177 1053 2286 oportebit:
1096 2181 1129 2260 ui

254 2309 305 2366 ex
322 2289 419 2367 Arte
435 2314 566 2396 agens,
588 2288 719 2369 habita
739 2287 890 2369 ratione
906 2208 1129 2393 Arrbrts'ir,

253 2421 336 2476 non
353 2418 434 2477 tam
446 2397 737 2482 Venaesedtione
758 2407 799 2480 &
819 2397 1068 2506 purgatione,
1091 2419 1130 2480 ut

255 2502 297 2587 in
319 2509 455 2594 Ulcere
478 2506 648 2618 simplici,
672 2532 787 2616 quam
800 2505 1028 2616 Digestivis,
1054 2510 1130 2589 Sar·

256 2614 404 2720 coticis,
430 2617 657 2724 Epuloticis,
686 2627 727 2699 ὅτ
744 2613 1038 2698 Deficcantibus
1056 2637 1131 2700 ute·

250 2742 331 2809 tur.
386 2726 556 2808 Multum
574 2726 637 2809 hic
657 2723 838 2808 conducit
854 2728 978 2827 otim,
1007 2724 1131 2810 fimo

253 2829 308 2913 do
332 2835 454 2914 tennis
471 2837 631 2917 nimium
653 2835 800 2918 lchoris
814 2833 996 2936 emiserit,
1023 2838 1130 2945 Aqua
1156 2853 1158 2857 ’

130 2953 131 2956 '
255 2939 382 3023 Calcis
397 2942 785 3053 vivaesaepiuslavare.
842 2941 1028 3054 Chirurgi
1044 2970 1132 3028 vero

253 3045 340 3132 sunt
364 3051 560 3154 monendi,
590 3065 629 3135 &
658 3052 701 3133 iis
726 3054 968 3162 summopere
1000 3080 1132 3141 caveu-

254 3155 431 3267 domest,
454 3181 498 3242 ut
513 3161 554 3243 in
565 3163 702 3249 Ulcere
714 3164 866 3270 prorsus
877 3162 1131 3268 occludendo,

253 3270 498 3354 &cicatrice
526 3271 753 3376 inducenda,
785 3271 891 3352 lente
921 3269 1130 3370 admodum

252 3373 435 3462 festinent
443 3419 466 3476 3>
499 3409 550 3463 ne
571 3411 621 3463 a*
641 3381 854 3462 Curatione
883 3403 964 3463 tam
1001 3382 1132 3490 inepta

252 3485 381 3596 (quod
397 3491 538 3597 utique
566 3490 746 3599 solenne)
775 3492 924 3600 gravius
954 3489 1130 3575 succedat

253 3586 409 3683 malum.
437 3602 599 3685 Naturae
613 3598 815 3710 proposito
827 3601 962 3687 melius
973 3603 1128 3711 respon·

1007 3709 1127 3814 debit,
